Account Name       :                	Ms. Eshanee  Ghosh
Address            :	D/O Anup Ghosh, plot no-4/B , street-14,
                                    	ashish nagar (west) Risali Bhilai
                                    	Civic Centre Bhilai-490006
                                    	409:Durg
Date               :                	27 Apr 2023
Account Number     :	_00000038450340736
Account Description:	REGULAR SB CHQ-INDIVIDUALS
Branch             :	RISALI BHILAI
Drawing Power      :	0.00
Interest Rate(% p.a.):	2.7
MOD Balance      :	0.00
CIF No.          :	_90130472464
IFS (Indian Financial System) Code         :	SBIN0012328
MICR (Magnetic Ink Character Recognition)  Code        :	_490002020
Nomination Registered    :	Yes 
Balance on 1 Apr 2022        :	1,89,739.57
Start Date          :	1 Apr 2022
End Date            :	31 Oct 2022
Txn Date	Value Date	Description	Ref No./Cheque No.	        Debit	Credit	Balance	
2 Apr 2022	2 Apr 2022	   TO TRANSFER-UPI/DR/209212981694/EKART/YESB/ekart@ybl/Payment--	TRANSFER TO 4692648162091	236.00	 	1,89,503.57
6 Apr 2022	6 Apr 2022	   TO TRANSFER-UPI/DR/209611828470/JASVENDR/SBIN/jkchalisa3/UPI--	TRANSFER TO 4694074162096	410.00	 	1,89,093.57
6 Apr 2022	6 Apr 2022	   BY TRANSFER-NEFT*UTIB0000230*AXISCN0130585888*SHRIRAM TRANSPOR--	TRANSFER FROM 3199424044303	 	2,06,710.00	3,95,803.57
7 Apr 2022	7 Apr 2022	   TO TRANSFER-UPI/DR/209719441557/EURONETG/ICIC/euronetgpa/UPI--	TRANSFER TO 5097782162096	107.00	 	3,95,696.57
8 Apr 2022	8 Apr 2022	   TO TRANSFER-UPI/DR/209813413179/JASVENDR/SBIN/jkchalisa3/UPI--	TRANSFER TO 4694262162093	335.00	 	3,95,361.57
8 Apr 2022	8 Apr 2022	ACH MANDATE CHARGES-KOTAK MU NACH CREATE 00100000 SBIN0000000061429733--38976288	38976288	59.00	 	3,95,302.57
8 Apr 2022	8 Apr 2022	   TO TRANSFER-UPI/DR/209821331993/VISHAL J/PYTM/paytmqr281/UPI--	TRANSFER TO 4692593162090	1,100.00	 	3,94,202.57
9 Apr 2022	9 Apr 2022	   TO TRANSFER-UPI/DR/209921654917/Boby Top/UTIB/gpay-11193/UPI--	TRANSFER TO 4692645162094	730.00	 	3,93,472.57
10 Apr 2022	10 Apr 2022	   TO TRANSFER-UPI/DR/210014880332/Kastoori/UTIB/gpay-11200/UPI--	TRANSFER TO 5098086162099	1,725.00	 	3,91,747.57
10 Apr 2022	10 Apr 2022	   TO TRANSFER-INB Kfin Technologies Private BILL_RTCOI Payments--	WSBI1046590047IGANIWFKL0               TRANSFER TO	2,00,000.00	 	1,91,747.57
10 Apr 2022	10 Apr 2022	   TO TRANSFER-UPI/DR/210019389724/Annapurn/PYTM/paytmqr281/UPI--	TRANSFER TO 5098066162093	1,200.00	 	1,90,547.57
10 Apr 2022	10 Apr 2022	   TO TRANSFER-UPI/DR/210020868225/LAPTOP R/PYTM/paytmqr281/UPI--	TRANSFER TO 4692678162096	3,000.00	 	1,87,547.57
10 Apr 2022	10 Apr 2022	   TO TRANSFER-UPI/DR/210020736759/Maa shak/PYTM/paytmqr281/UPI--	TRANSFER TO 4692685162097	50.00	 	1,87,497.57
11 Apr 2022	11 Apr 2022	   TO TRANSFER-UPI/DR/210111716905/SUSHANT /SBIN/rajabhilai/UPI--	TRANSFER TO 5097569162090	2,100.00	 	1,85,397.57
14 Apr 2022	14 Apr 2022	   TO TRANSFER-UPI/DR/210410731583/Kyamuddi/PYTM/paytmqr281/UPI--	TRANSFER TO 4692576162091	524.00	 	1,84,873.57
14 Apr 2022	14 Apr 2022	   TO TRANSFER-UPI/DR/210420432284/KASTOORI/PYTM/paytmqr281/UPI--	TRANSFER TO 4692548162094	130.00	 	1,84,743.57
16 Apr 2022	16 Apr 2022	   TO TRANSFER-UPI/DR/210610164165/Madhur  /SBIN/q596954678/UPI--	TRANSFER TO 4694331162096	300.00	 	1,84,443.57
16 Apr 2022	16 Apr 2022	   TO TRANSFER-UPI/DR/210611792489/Madhur  /SBIN/q596954678/UPI--	TRANSFER TO 5099770162094	960.00	 	1,83,483.57
16 Apr 2022	16 Apr 2022	   BY TRANSFER-UPI/CR/210619211273/GHOSH  A/SBIN/anupghosh2/UPI--	TRANSFER FROM 5099184162091	 	100.00	1,83,583.57
17 Apr 2022	17 Apr 2022	   TO TRANSFER-UPI/DR/210712167317/Razorpay/ICIC/zomatoindi/Zomat--	TRANSFER TO 5098108162098	265.40	 	1,83,318.17
17 Apr 2022	17 Apr 2022	   TO TRANSFER-UPI/DR/210718223821/Razorpay/ICIC/zomatoindi/Zomat--	TRANSFER TO 5098086162099	197.00	 	1,83,121.17
18 Apr 2022	18 Apr 2022	   TO TRANSFER-UPI/DR/210813839547/Razorpay/ICIC/zomatoindi/Zomat--	TRANSFER TO 5097520162095	169.45	 	1,82,951.72
18 Apr 2022	18 Apr 2022	   BY TRANSFER-UPI/CR/210815798044/GOPALASE/SBIN/vivek.gopa/cab--	TRANSFER FROM 4693030162094	 	450.00	1,83,401.72
19 Apr 2022	19 Apr 2022	   TO TRANSFER-UPI/DR/210913898433/Zomato Ltd/PYTM/zomato-ord/Zom--	TRANSFER TO 5097628162095	309.90	 	1,83,091.82
20 Apr 2022	20 Apr 2022	   TO TRANSFER-UPI/DR/211013377272/Zomato Ltd/PYTM/zomato-ord/Zom--	TRANSFER TO 4692538162096	263.20	 	1,82,828.62
21 Apr 2022	21 Apr 2022	   TO TRANSFER-UPI/DR/211113733977/Razorpay/ICIC/zomatoindi/Zomat--	TRANSFER TO 4692566162093	151.75	 	1,82,676.87
22 Apr 2022	22 Apr 2022	   TO TRANSFER-UPI/DR/211213208000/Zomato/HDFC/zomato@hdf/ZomatoO--	TRANSFER TO 4692604162092	219.49	 	1,82,457.38
23 Apr 2022	23 Apr 2022	   TO TRANSFER-UPI/DR/211313432205/Zomato/HDFC/zomato@hdf/ZomatoO--	TRANSFER TO 5098009162090	186.00	 	1,82,271.38
23 Apr 2022	23 Apr 2022	   TO TRANSFER-UPI/DR/211316757893/Abhay Ku/PSIB/devkinanda/UPI--	TRANSFER TO 4694302162090	150.00	 	1,82,121.38
23 Apr 2022	23 Apr 2022	   BY TRANSFER-UPI/CR/211392107814/PEEUSHA /HDFC/piyushab08/UPI--	TRANSFER FROM 4693619162099	 	200.00	1,82,321.38
24 Apr 2022	24 Apr 2022	   TO TRANSFER-UPI/DR/211414259092/Zomato Ltd/PYTM/zomato-ord/Zom--	TRANSFER TO 5098090162092	469.00	 	1,81,852.38
25 Apr 2022	25 Apr 2022	   BY TRANSFER-NEFT*HSBC0110005*HSBCN22115591213*BLACKROCK SERVIC--	TRANSFER FROM 3199965044307	 	72,808.33	2,54,660.71
25 Apr 2022	25 Apr 2022	   TO TRANSFER-UPI/DR/211513120039/Zomato Ltd/PYTM/zomato-ord/Zom--	TRANSFER TO 5097528162098	284.50	 	2,54,376.21
25 Apr 2022	25 Apr 2022	   TO TRANSFER-UPI/DR/211521411427/RAJESH K/PUNB/9416440708/UPI--	TRANSFER TO 5099352162091	173.00	 	2,54,203.21
26 Apr 2022	26 Apr 2022	   TO TRANSFER-UPI/DR/211616397213/Zomato Ltd/PYTM/zomato-ord/Zom--	TRANSFER TO 4692493162094	262.70	 	2,53,940.51
26 Apr 2022	26 Apr 2022	   TO TRANSFER-UPI/DR/211619725708/PAWAN  K/SBIN/pkdalal277/UPI--	TRANSFER TO 5099410162096	5,000.00	 	2,48,940.51
29 Apr 2022	29 Apr 2022	   TO TRANSFER-UPI/DR/211920180318/Zomato/HDFC/zomato@hdf/ZomatoO--	TRANSFER TO 5097879162097	229.93	 	2,48,710.58
30 Apr 2022	30 Apr 2022	   TO TRANSFER-UPI/DR/212015878174/DARA/FDRL/bharatpe.9/Pay to B--	TRANSFER TO 4692643162096	101.00	 	2,48,609.58
30 Apr 2022	30 Apr 2022	   TO TRANSFER-UPI/DR/212017501044/GAURAV A/PYTM/paytmqr281/UPI--	TRANSFER TO 5098015162093	845.00	 	2,47,764.58
30 Apr 2022	30 Apr 2022	   TO TRANSFER-UPI/DR/212020516057/ABHIJAT /PYTM/abhijatsin/UPI--	TRANSFER TO 5099703162094	18,740.00	 	2,29,024.58
1 May 2022	1 May 2022	   TO TRANSFER-UPI/DR/212114654846/SWARN SI/PUNB/8741857093/UPI--	TRANSFER TO 5099818162094	105.00	 	2,28,919.58
1 May 2022	1 May 2022	   TO TRANSFER-UPI/DR/212115435883/Zomato Ltd/PYTM/zomato-ord/Zom--	TRANSFER TO 4692690162099	297.00	 	2,28,622.58
1 May 2022	1 May 2022	   TO TRANSFER-UPI/DR/212121337798/Razorpay/ICIC/zomatoindi/Zomat--	TRANSFER TO 5098071162096	361.90	 	2,28,260.68
2 May 2022	2 May 2022	   TO TRANSFER-UPI/DR/212210224039/ANITA KA/INDB/anupkapoor/UPI--	TRANSFER TO 5099378162092	200.00	 	2,28,060.68
2 May 2022	2 May 2022	   BY TRANSFER-UPI/CR/212200861382/Razorpay/ICIC/zomatoindi/Razor--	TRANSFER FROM 4899328162097	 	361.90	2,28,422.58
3 May 2022	3 May 2022	   TO TRANSFER-UPI/DR/212312442330/Zomato/HDFC/zomato@hdf/ZomatoO--	TRANSFER TO 5097646162093	181.00	 	2,28,241.58
3 May 2022	3 May 2022	   TO TRANSFER-UPI/DR/212318887419/PAWAN  K/SBIN/pkdalal277/UPI--	TRANSFER TO 5099432162091	19,000.00	 	2,09,241.58
3 May 2022	3 May 2022	   TO TRANSFER-UPI/DR/212319346152/Mahendra/PYTM/paytmqr281/UPI--	TRANSFER TO 5097642162097	135.00	 	2,09,106.58
3 May 2022	3 May 2022	   TO TRANSFER-UPI/DR/212319408582/GAURAV A/PYTM/paytmqr281/UPI--	TRANSFER TO 5097613162092	80.00	 	2,09,026.58
4 May 2022	4 May 2022	   TO TRANSFER-UPI/DR/212411999934/JITENDER/YESB/parveenjat/UPI--	TRANSFER TO 5099491162091	215.00	 	2,08,811.58
5 May 2022	5 May 2022	   TO TRANSFER-UPI/DR/212511101712/VIVEK  R/SBIN/vivekrajor/UPI--	TRANSFER TO 5099606162095	215.00	 	2,08,596.58
5 May 2022	5 May 2022	   TO TRANSFER-UPI/DR/212521670520/PHASE 3 /PYTM/paytmqr281/UPI--	TRANSFER TO 4692573162094	500.00	 	2,08,096.58
6 May 2022	6 May 2022	   TO TRANSFER-UPI/DR/212611352732/RAJIV KU/PUNB/kumarrajee/UPI--	TRANSFER TO 5099670162098	220.00	 	2,07,876.58
7 May 2022	7 May 2022	   TO TRANSFER-UPI/DR/212719800013/GAURAV A/PYTM/paytmqr281/UPI--	TRANSFER TO 4692655162092	670.00	 	2,07,206.58
7 May 2022	7 May 2022	   TO TRANSFER-UPI/DR/212719856849/KG ENGIN/YESB/q729332521/UPI--	TRANSFER TO 5098012162096	70.00	 	2,07,136.58
7 May 2022	7 May 2022	   TO TRANSFER-UPI/DR/212720024859/ASHWANI /BARB/ashu626963/UPI--	TRANSFER TO 5098033162091	213.00	 	2,06,923.58
8 May 2022	8 May 2022	   TO TRANSFER-UPI/DR/212813209215/Rinku/PYTM/paytmqr281/UPI--	TRANSFER TO 5098106162090	67.00	 	2,06,856.58
8 May 2022	8 May 2022	   TO TRANSFER-UPI/DR/212821241021/SATWANTI/SBIN/pinkiarora/UPI--	TRANSFER TO 4694435162098	170.00	 	2,06,686.58
9 May 2022	9 May 2022	   TO TRANSFER-UPI/DR/212919882679/Zomato Ltd/PYTM/zomato-ord/Zom--	TRANSFER TO 4692421162099	170.50	 	2,06,516.08
9 May 2022	9 May 2022	   TO TRANSFER-UPI/DR/212921059350/SATWANTI/SBIN/pinkiarora/UPI--	TRANSFER TO 4693815162095	170.00	 	2,06,346.08
10 May 2022	10 May 2022	   TO TRANSFER-UPI/DR/213011204477/billdesk/ICIC/billdesk.p/UPI--	TRANSFER TO 5097646162093	719.00	 	2,05,627.08
11 May 2022	11 May 2022	   TO TRANSFER-UPI/DR/213121154543/SATWANTI/SBIN/pinkiarora/UPI--	TRANSFER TO 4693995162097	70.00	 	2,05,557.08
14 May 2022	14 May 2022	   TO TRANSFER-UPI/DR/213412113991/Dominos /PYTM/dominospiz/UPI--	TRANSFER TO 5097981162090	370.00	 	2,05,187.08
15 May 2022	15 May 2022	   TO TRANSFER-UPI/DR/213518783727/Zomato/HDFC/zomato@hdf/ZomatoO--	TRANSFER TO 5098080162094	292.50	 	2,04,894.58
15 May 2022	15 May 2022	   TO TRANSFER-UPI/DR/213520667331/KG ENGIN/YESB/q729332521/UPI--	TRANSFER TO 5098072162095	292.00	 	2,04,602.58
16 May 2022	16 May 2022	   DEBIT-ACHDr CITI00002000000037 BD Kotak MF-OT--		10,000.00	 	1,94,602.58
19 May 2022	19 May 2022	   TO TRANSFER-UPI/DR/213911165801/ABHIJAT /ICIC/abhijatsin/UPI--	TRANSFER TO 5099560162093	1,770.00	 	1,92,832.58
20 May 2022	20 May 2022	   TO TRANSFER-UPI/DR/214014307258/GIYASUDD/PYTM/paytmqr281/UPI--	TRANSFER TO 4692584162091	35.00	 	1,92,797.58
21 May 2022	21 May 2022	   TO TRANSFER-UPI/DR/214111977105/Variety /PYTM/paytmqr281/UPI--	TRANSFER TO 4898753162098	52.00	 	1,92,745.58
21 May 2022	21 May 2022	   TO TRANSFER-UPI/DR/214111508677/Mahendra/PYTM/paytmqr281/UPI--	TRANSFER TO 4898755162096	40.00	 	1,92,705.58
22 May 2022	22 May 2022	   TO TRANSFER-UPI/DR/214211207773/SATWANTI/SBIN/pinkiarora/UPI--Srinika FeedingKurtis	TRANSFER TO 5099825162095 / Srinika FeedingKurtis	200.00	 	1,92,505.58
22 May 2022	22 May 2022	   TO TRANSFER-UPI/DR/214220660764/Dominos /PYTM/dominospiz/UPI--Santosh kr property dealer	TRANSFER TO 4692697162093 / Santosh kr property dealer	368.00	 	1,92,137.58
23 May 2022	23 May 2022	   BY TRANSFER-INB IMPS214323100448/9999999999/XX3006/--	MAB001016613982          MAB001016613982          	 	1.00	1,92,138.58
25 May 2022	25 May 2022	   BY TRANSFER-NEFT*HSBC0110005*HSBCN22145899942*BLACKROCK SERVIC--	TRANSFER FROM 3199418044301	 	72,808.33	2,64,946.91
28 May 2022	28 May 2022	   TO TRANSFER-UPI/DR/214811521901/SATWANTI/SBIN/pinkiarora/UPI--	TRANSFER TO 5099723162091	70.00	 	2,64,876.91
28 May 2022	28 May 2022	   TO TRANSFER-UPI/DR/214811492333/ABHIJAT /ICIC/abhijatsin/UPI--	TRANSFER TO 5098025162091	20.00	 	2,64,856.91
28 May 2022	28 May 2022	   TO TRANSFER-UPI/DR/214812529122/SWIGGY/ICIC/upiswiggy@/UPI--	TRANSFER TO 4692620162092	246.00	 	2,64,610.91
28 May 2022	28 May 2022	   TO TRANSFER-UPI/DR/214821680582/SATWANTI/SBIN/pinkiarora/UPI--	TRANSFER TO 5098033162091	100.00	 	2,64,510.91
30 May 2022	30 May 2022	   TO TRANSFER-UPI/DR/215009291207/KG ENGIN/YESB/q729332521/UPI--	TRANSFER TO 4692442162094	103.00	 	2,64,407.91
2 Jun 2022	2 Jun 2022	   TO TRANSFER-UPI/DR/215309178991/PAWAN  K/SBIN/pkdalal277/UPI--	TRANSFER TO 4694135162099	12,880.00	 	2,51,527.91
3 Jun 2022	3 Jun 2022	TO DEBIT THROUGH CHEQUE-SBI   cr to 10029964991--678432	678432	2,00,000.00	 	51,527.91
4 Jun 2022	4 Jun 2022	   TO TRANSFER-UPI/DR/215516580513/GOPALASE/SBIN/vivek.gopa/UPI--	TRANSFER TO 5098042162090	346.00	 	51,181.91
5 Jun 2022	5 Jun 2022	   TO TRANSFER-UPI/DR/215620558590/GOPALASE/SBIN/vivek.gopa/UPI--	TRANSFER TO 4694499162093	346.00	 	50,835.91
6 Jun 2022	6 Jun 2022	   TO TRANSFER-UPI/DR/215713174009/SATWANTI/SBIN/pinkiarora/UPI--	TRANSFER TO 5099393162093	200.00	 	50,635.91
6 Jun 2022	6 Jun 2022	   TO TRANSFER-UPI/DR/215721480773/KUMARI K/FDRL/bharatpe.9/Pay t--	TRANSFER TO 5097510162097	170.00	 	50,465.91
7 Jun 2022	7 Jun 2022	   TO TRANSFER-UPI/DR/215820980675/Roundup1/PYTM/paytmqr281/UPI--	TRANSFER TO 5097625162098	700.00	 	49,765.91
7 Jun 2022	7 Jun 2022	   TO TRANSFER-UPI/DR/215821002604/SATWANTI/SBIN/pinkiarora/UPI--	TRANSFER TO 5099440162090	100.00	 	49,665.91
8 Jun 2022	8 Jun 2022	   TO TRANSFER-UPI/DR/215911939763/KG ENGIN/YESB/q729332521/UPI--	TRANSFER TO 4692524162092	140.00	 	49,525.91
8 Jun 2022	8 Jun 2022	   TO TRANSFER-UPI/DR/215913957843/SANDEEP /SBIN/sandeep.si/UPI--	TRANSFER TO 4694039162098	189.00	 	49,336.91
8 Jun 2022	8 Jun 2022	   TO TRANSFER-UPI/DR/215914005343/NARENDER/PYTM/nkr03767@a/UPI--	TRANSFER TO 5099522162099	149.00	 	49,187.91
9 Jun 2022	9 Jun 2022	   BY TRANSFER-UPI/215516580513/REVERSAL--	TRANSFER FROM 4897695162091	 	346.00	49,533.91
11 Jun 2022	11 Jun 2022	   TO TRANSFER-UPI/DR/216209086091/SATWANTI/SBIN/pinkiarora/UPI--	TRANSFER TO 4694340162094	100.00	 	49,433.91
12 Jun 2022	12 Jun 2022	   TO TRANSFER-UPI/DR/216313654150/ABHIJAT /PYTM/abhijatsin/UPI--	TRANSFER TO 5099830162097	125.00	 	49,308.91
13 Jun 2022	13 Jun 2022	   DEBIT-ATMCard AMC  459200*3972 SILVER-GLOBAL--		147.50	 	49,161.41
15 Jun 2022	15 Jun 2022	   TO TRANSFER-UPI/DR/216618000474/GIYASUDD/PYTM/paytmqr281/UPI--	TRANSFER TO 4696000162097	80.00	 	49,081.41
16 Jun 2022	16 Jun 2022	   DEBIT-ACHDr CITI00002000000037 BD Kotak MF-OT--		10,000.00	 	39,081.41
17 Jun 2022	17 Jun 2022	   TO TRANSFER-UPI/DR/216817223523/GIYASUDD/PYTM/paytmqr281/UPI--	TRANSFER TO 4696187162094	20.00	 	39,061.41
18 Jun 2022	18 Jun 2022	   TO TRANSFER-UPI/DR/216912482448/Zomato O/ICIC/zomatoonli/Zomat--	TRANSFER TO 5097969162096	246.50	 	38,814.91
18 Jun 2022	18 Jun 2022	   BY TRANSFER-UPI/CR/216917958606/Zomato O/ICIC/zomatoonli/Razor--	TRANSFER FROM 5098676162090	 	246.50	39,061.41
18 Jun 2022	18 Jun 2022	   TO TRANSFER-UPI/DR/216913266538/VIR  SINGH/SBIN/virsing731/UPI--	TRANSFER TO 4694369162093	246.00	 	38,815.41
18 Jun 2022	18 Jun 2022	   TO TRANSFER-UPI/DR/216913271085/VIR  SINGH/SBIN/virsing731/UPI--	TRANSFER TO 4695731162094	1.00	 	38,814.41
19 Jun 2022	19 Jun 2022	   TO TRANSFER-UPI/DR/217010260144/ABHIJAT /PYTM/abhijatsin/UPI--	TRANSFER TO 4694422162093	206.00	 	38,608.41
19 Jun 2022	19 Jun 2022	   TO TRANSFER-UPI/DR/217012633769/KG ENGIN/YESB/q729332521/UPI--	TRANSFER TO 4692678162096	98.00	 	38,510.41
19 Jun 2022	19 Jun 2022	   TO TRANSFER-UPI/DR/217014388777/SWIGGY/ICIC/upiswiggy@/UPI--	TRANSFER TO 4696374162092	899.00	 	37,611.41
19 Jun 2022	19 Jun 2022	   TO TRANSFER-UPI/DR/217014359449/Swiggy/UTIB/swiggyupi@/Swiggy--	TRANSFER TO 4696376162090	76.00	 	37,535.41
19 Jun 2022	19 Jun 2022	   TO TRANSFER-UPI/DR/217021243861/Mahendra/PYTM/paytmqr281/UPI--	TRANSFER TO 4696372162094	40.00	 	37,495.41
20 Jun 2022	20 Jun 2022	   TO TRANSFER-UPI/DR/217109910109/SATWANTI/SBIN/pinkiarora/UPI--	TRANSFER TO 4898800162095	100.00	 	37,395.41
20 Jun 2022	20 Jun 2022	   BY TRANSFER-UPI/REV/217109910109--	TRANSFER FROM 4898800162095	 	100.00	37,495.41
20 Jun 2022	20 Jun 2022	   TO TRANSFER-UPI/DR/217112118875/SATWANTI/SBIN/pinkiarora/UPI--	TRANSFER TO 4693802162099	100.00	 	37,395.41
21 Jun 2022	21 Jun 2022	   TO TRANSFER-UPI/DR/217219384559/ABHIJAT /PYTM/abhijatsin/UPI--	TRANSFER TO 4898827162096	40.00	 	37,355.41
22 Jun 2022	22 Jun 2022	   TO TRANSFER-UPI/DR/217318819025/GIYASUDD/PYTM/paytmqr281/UPI--	TRANSFER TO 5097715162096	10.00	 	37,345.41
24 Jun 2022	24 Jun 2022	   BY TRANSFER-NEFT*HSBC0110005*HSBCN22175263586*BLACKROCK SERVIC--	TRANSFER FROM 3199680044308	 	72,283.33	1,09,628.74
25 Jun 2022	25 Jun 2022	   TO TRANSFER-UPI/DR/217614855852/SATWANTI/SBIN/pinkiarora/UPI--	TRANSFER TO 5099705162092	100.00	 	1,09,528.74
25 Jun 2022	25 Jun 2022	   TO TRANSFER-UPI/DR/217618719559/ABHIJAT /PYTM/abhijatsin/UPI--	TRANSFER TO 4897681162097	153.00	 	1,09,375.74
25 Jun 2022	25 Jun 2022	   TO TRANSFER-UPI/DR/217618889400/Swiggy/UTIB/swiggy.sto/Swiggy--	TRANSFER TO 4696307162091	95.00	 	1,09,280.74
25 Jun 2022	25 Jun 2022	   TO TRANSFER-UPI/DR/217620532492/SWIGGY/ICIC/upiswiggy@/UPI--	TRANSFER TO 4692632162099	208.00	 	1,09,072.74
25 Jun 2022	25 Jun 2022	   CREDIT INTEREST---		 	1,208.00	1,10,280.74
26 Jun 2022	26 Jun 2022	   TO TRANSFER-UPI/DR/217711675394/KG ENGIN/YESB/q729332521/UPI--	TRANSFER TO 5098076162091	158.00	 	1,10,122.74
26 Jun 2022	26 Jun 2022	   TO TRANSFER-UPI/DR/217713204700/Swiggy/UTIB/swiggy.sto/Swiggy--	TRANSFER TO 4696399162093	138.00	 	1,09,984.74
26 Jun 2022	26 Jun 2022	   TO TRANSFER-UPI/DR/217720501364/SATWANTI/SBIN/pinkiarora/UPI--	TRANSFER TO 5098138162093	100.00	 	1,09,884.74
26 Jun 2022	26 Jun 2022	   TO TRANSFER-UPI/DR/217720702173/Dominos /PYTM/dominospiz/UPI--	TRANSFER TO 5098088162097	297.00	 	1,09,587.74
27 Jun 2022	27 Jun 2022	   TO TRANSFER-UPI/DR/217818624655/ABHIJAT /PYTM/abhijatsin/UPI--	TRANSFER TO 4693819162091	425.00	 	1,09,162.74
2 Jul 2022	2 Jul 2022	   TO TRANSFER-UPI/DR/218311306616/KG ENGIN/YESB/q729332521/UPI--	TRANSFER TO 5097982162099	103.00	 	1,09,059.74
2 Jul 2022	2 Jul 2022	   TO TRANSFER-UPI/DR/218312136085/Swiggy/UTIB/swiggyupi@/Swiggy--	TRANSFER TO 4692644162095	327.00	 	1,08,732.74
2 Jul 2022	2 Jul 2022	   TO TRANSFER-UPI/DR/218314728522/PAWAN  K/SBIN/pkdalal277/UPI--	TRANSFER TO 4694385162093	12,900.00	 	95,832.74
2 Jul 2022	2 Jul 2022	   TO TRANSFER-UPI/DR/218318687871/ANMOL EN/PYTM/paytmqr281/UPI--	TRANSFER TO 5097974162099	530.00	 	95,302.74
2 Jul 2022	2 Jul 2022	   TO TRANSFER-UPI/DR/218318228747/MORE/HDFC/more.41427/UPI--	TRANSFER TO 5098013162095	353.00	 	94,949.74
2 Jul 2022	2 Jul 2022	   TO TRANSFER-UPI/DR/218319133585/EURONETG/ICIC/euronetgpa/UPI--	TRANSFER TO 4692647162092	719.00	 	94,230.74
2 Jul 2022	2 Jul 2022	   TO TRANSFER-UPI/DR/218320060739/SWIGGY/ICIC/upiswiggy@/UPI--	TRANSFER TO 4692627162096	314.00	 	93,916.74
3 Jul 2022	3 Jul 2022	   TO TRANSFER-UPI/DR/218412516411/SWIGGY/ICIC/upiswiggy@/UPI--	TRANSFER TO 5098083162092	230.00	 	93,686.74
3 Jul 2022	3 Jul 2022	   TO TRANSFER-UPI/DR/218417521593/Mehebub /PYTM/paytmqr281/UPI--	TRANSFER TO 4692690162099	81.00	 	93,605.74
3 Jul 2022	3 Jul 2022	   TO TRANSFER-UPI/DR/218419152887/REEMA  A/SBIN/reemasmu13/UPI--	TRANSFER TO 5098141162098	500.00	 	93,105.74
4 Jul 2022	4 Jul 2022	   TO TRANSFER-UPI/DR/218518893527/GIYASUDD/PYTM/paytmqr281/UPI--	TRANSFER TO 4692443162093	85.00	 	93,020.74
6 Jul 2022	6 Jul 2022	   TO TRANSFER-UPI/DR/218713884862/SATWANTI/SBIN/pinkiarora/UPI--	TRANSFER TO 4693989162095	100.00	 	92,920.74
6 Jul 2022	6 Jul 2022	   TO TRANSFER-UPI/DR/218720574893/Dominos /PYTM/dominospiz/UPI--	TRANSFER TO 4695984162095	297.00	 	92,623.74
8 Jul 2022	8 Jul 2022	   TO TRANSFER-UPI/DR/218921356860/SWIGGY/ICIC/upiswiggy@/UPI--	TRANSFER TO 4696177162096	171.00	 	92,452.74
10 Jul 2022	10 Jul 2022	   TO TRANSFER-UPI/DR/219113018002/SWIGGY/ICIC/upiswiggy@/UPI--	TRANSFER TO 5098097162096	175.00	 	92,277.74
10 Jul 2022	10 Jul 2022	   TO TRANSFER-UPI/DR/219118549940/PaytmUser/PUNB/9625272161/UPI--	TRANSFER TO 4694510162092	199.00	 	92,078.74
10 Jul 2022	10 Jul 2022	   TO TRANSFER-UPI/DR/219119431347/REEMA  A/SBIN/reemasmu13/UPI--	TRANSFER TO 4695758162093	485.00	 	91,593.74
10 Jul 2022	10 Jul 2022	   TO TRANSFER-UPI/DR/219119102095/REEMA  A/SBIN/reemasmu13/UPI--	TRANSFER TO 5099787162096	20.00	 	91,573.74
11 Jul 2022	11 Jul 2022	   TO TRANSFER-UPI/DR/219217757003/Tulip Bl/PYTM/paytmqr281/UPI--	TRANSFER TO 5097541162091	30.00	 	91,543.74
14 Jul 2022	14 Jul 2022	   TO TRANSFER-UPI/DR/219521583119/REEMA  A/SBIN/reemasmu13/UPI--	TRANSFER TO 5099607162094	771.00	 	90,772.74
15 Jul 2022	15 Jul 2022	   TO TRANSFER-UPI/DR/219618667109/REEMA  A/SBIN/reemasmu13/UPI--	TRANSFER TO 4694221162091	25,000.00	 	65,772.74
15 Jul 2022	15 Jul 2022	   BY TRANSFER-UPI/CR/219620483763/REEMA  A/SBIN/reemasmu13/UPI--	TRANSFER FROM 4693516162095	 	22,000.00	87,772.74
16 Jul 2022	16 Jul 2022	   DEBIT-ACHDr CITI00002000000037 BD Kotak MF-OT--		10,000.00	 	77,772.74
16 Jul 2022	16 Jul 2022	   TO TRANSFER-UPI/DR/219719740444/SATWANTI/SBIN/pinkiarora/UPI--	TRANSFER TO 5098029162097	100.00	 	77,672.74
16 Jul 2022	16 Jul 2022	   TO TRANSFER-UPI/DR/219720208874/Zomato Ltd/PYTM/zomato-ord/Zom--	TRANSFER TO 5097995162094	192.85	 	77,479.89
16 Jul 2022	16 Jul 2022	   TO TRANSFER-UPI/DR/219720274933/SWIGGY/ICIC/upiswiggy@/UPI--	TRANSFER TO 5097984162097	177.00	 	77,302.89
16 Jul 2022	16 Jul 2022	   TO TRANSFER-UPI/DR/219779272932/SWIGGY/ICIC/upiswiggy@/Payment--	TRANSFER TO 5097976162097	20.00	 	77,282.89
17 Jul 2022	17 Jul 2022	   TO TRANSFER-UPI/DR/219812757629/KG ENGIN/YESB/q729332521/UPI--	TRANSFER TO 5098091162092	224.00	 	77,058.89
17 Jul 2022	17 Jul 2022	   TO TRANSFER-UPI/DR/219817879303/SATWANTI/SBIN/pinkiarora/UPI--	TRANSFER TO 5099822162098	100.00	 	76,958.89
17 Jul 2022	17 Jul 2022	   TO TRANSFER-UPI/DR/219897732748/Swiggy/UTIB/swiggyupi@/Swiggy--	TRANSFER TO 5098097162096	197.00	 	76,761.89
17 Jul 2022	17 Jul 2022	   BY TRANSFER-UPI/REV/219897732748--	TRANSFER FROM 5098097162096	 	197.00	76,958.89
17 Jul 2022	17 Jul 2022	   TO TRANSFER-UPI/DR/219897754199/Swiggy/UTIB/swiggyupi@/Swiggy--	TRANSFER TO 4692689162093	197.00	 	76,761.89
20 Jul 2022	20 Jul 2022	   TO TRANSFER-UPI/DR/220117350114/Tulip Bl/PYTM/paytmqr281/UPI--	TRANSFER TO 5097704162098	70.00	 	76,691.89
21 Jul 2022	21 Jul 2022	   TO TRANSFER-UPI/DR/220204728720/KG ENGIN/YESB/q729332521/UPI--	TRANSFER TO 5097802162096	186.00	 	76,505.89
23 Jul 2022	23 Jul 2022	   TO TRANSFER-UPI/DR/220427619239/Swiggy/UTIB/swiggyupi@/Swiggy--	TRANSFER TO 5098003162096	403.00	 	76,102.89
23 Jul 2022	23 Jul 2022	   TO TRANSFER-UPI/DR/220438454990/Swiggy/UTIB/swiggy.sto/Swiggy--	TRANSFER TO 5097993162096	121.00	 	75,981.89
25 Jul 2022	25 Jul 2022	   TO TRANSFER-UPI/DR/220681348983/GOPALASE/SBIN/vivek.gopa/UPI--	TRANSFER TO 5099341162094	110.00	 	75,871.89
25 Jul 2022	25 Jul 2022	   BY TRANSFER-NEFT*HSBC0110005*HSBCN22206450069*BLACKROCK SERVIC--	TRANSFER FROM 3199675044306	 	72,298.33	1,48,170.22
29 Jul 2022	29 Jul 2022	   TO TRANSFER-UPI/DR/221085744072/REEMA  A/SBIN/reemasmu13/UPI--	TRANSFER TO 5099665162096	1,612.00	 	1,46,558.22
30 Jul 2022	30 Jul 2022	   TO TRANSFER-UPI/DR/221108080761/Dominos /PYTM/dominospiz/UPI--	TRANSFER TO 5098013162095	395.00	 	1,46,163.22
31 Jul 2022	31 Jul 2022	   TO TRANSFER-UPI/DR/221218110080/SATWANTI/SBIN/pinkiarora/UPI--	TRANSFER TO 5099820162099	100.00	 	1,46,063.22
31 Jul 2022	31 Jul 2022	   TO TRANSFER-UPI/DR/221210920896/Swiggy/UTIB/swiggyupi@/Swiggy--	TRANSFER TO 5098061162098	569.00	 	1,45,494.22
31 Jul 2022	31 Jul 2022	   TO TRANSFER-UPI/DR/221210947542/Swiggy/UTIB/swiggy.sto/Swiggy--	TRANSFER TO 5098076162091	121.00	 	1,45,373.22
31 Jul 2022	31 Jul 2022	   BY TRANSFER-UPI/CR/221287018558/K SUNAM /PYTM/7873359808/NA--	TRANSFER FROM 4693047162096	 	344.00	1,45,717.22
1 Aug 2022	1 Aug 2022	   TO TRANSFER-UPI/DR/221345030950/MOHD HAA/HDFC/farhaankha/UPI--	TRANSFER TO 4693808162093	165.00	 	1,45,552.22
1 Aug 2022	1 Aug 2022	   TO TRANSFER-UPI/DR/221356876392/MOHAN KU/SBIN/navinkr.ma/UPI--	TRANSFER TO 5097579162098	175.00	 	1,45,377.22
1 Aug 2022	1 Aug 2022	   TO TRANSFER-UPI/DR/221359360882/GOPALASE/SBIN/vivek.gopa/UPI--	TRANSFER TO 4695567162090	342.00	 	1,45,035.22
2 Aug 2022	2 Aug 2022	   TO TRANSFER-UPI/DR/221466431757/PAWAN  K/SBIN/pkdalal277/UPI--	TRANSFER TO 5099437162096	12,450.00	 	1,32,585.22
2 Aug 2022	2 Aug 2022	   TO TRANSFER-UPI/DR/221478448391/GIYASUDD/PYTM/paytmqr281/UPI--	TRANSFER TO 5097624162099	30.00	 	1,32,555.22
6 Aug 2022	6 Aug 2022	   TO TRANSFER-UPI/DR/221862902935/ADITYAN /BARB/interagus./UPI--	TRANSFER TO 4694395162091	439.00	 	1,32,116.22
6 Aug 2022	6 Aug 2022	   TO TRANSFER-UPI/DR/221863152277/KG ENGIN/YESB/q729332521/UPI--	TRANSFER TO 4898287162097	195.00	 	1,31,921.22
6 Aug 2022	6 Aug 2022	   TO TRANSFER-UPI/DR/221864082723/GOPALASE/SBIN/vivek.gopa/UPI--	TRANSFER TO 5099713162093	4,466.00	 	1,27,455.22
6 Aug 2022	6 Aug 2022	   TO TRANSFER-UPI/DR/221878624799/SWIGGY/ICIC/upiswiggy@/UPI--	TRANSFER TO 4696292162093	282.00	 	1,27,173.22
6 Aug 2022	6 Aug 2022	   BY TRANSFER-UPI/CR/221833991879/SWIGGY/ICIC/upiswiggy@/TXN FAI--	TRANSFER FROM 4693593162093	 	282.00	1,27,455.22
6 Aug 2022	6 Aug 2022	   TO TRANSFER-UPI/DR/221882691727/PaytmUser/UBIN/9958317033/UPI--	TRANSFER TO 4694402162096	257.00	 	1,27,198.22
7 Aug 2022	7 Aug 2022	   TO TRANSFER-UPI/DR/221999553892/SATWANTI/SBIN/pinkiarora/UPI--	TRANSFER TO 5099780162092	100.00	 	1,27,098.22
7 Aug 2022	7 Aug 2022	   TO TRANSFER-UPI/DR/221901953386/Swiggy/UTIB/swiggyupi@/Swiggy--	TRANSFER TO 5098084162091	326.00	 	1,26,772.22
8 Aug 2022	8 Aug 2022	   TO TRANSFER-UPI/DR/222021097742/GIYASUDD/PYTM/paytmqr281/UPI--	TRANSFER TO 5097519162099	30.00	 	1,26,742.22
10 Aug 2022	10 Aug 2022	   TO TRANSFER-UPI/DR/222267470588/NAWAL SI/CNRB/8278195697/UPI--	TRANSFER TO 4693995162097	250.00	 	1,26,492.22
10 Aug 2022	10 Aug 2022	   BY TRANSFER-UPI/CR/222240454178/ABHIJAT /PYTM/abhijatsin/UPI--	TRANSFER FROM 5098424162098	 	250.00	1,26,742.22
12 Aug 2022	12 Aug 2022	   TO TRANSFER-UPI/DR/222423182759/SWIGGY/ICIC/upiswiggy@/UPI--	TRANSFER TO 4692603162093	326.00	 	1,26,416.22
13 Aug 2022	13 Aug 2022	   TO TRANSFER-UPI/DR/222543669812/Swiggy/UTIB/swiggyupi@/Swiggy--	TRANSFER TO 4898287162097	119.00	 	1,26,297.22
13 Aug 2022	13 Aug 2022	   BY TRANSFER-UPI/CR/222543787587/GOPALASE/SBIN/vivek.gopa/UPI--	TRANSFER FROM 4695224162091	 	120.00	1,26,417.22
13 Aug 2022	13 Aug 2022	   TO TRANSFER-UPI/DR/222546837639/SATWANTI/SBIN/pinkiarora/UPI--	TRANSFER TO 5098051162099	200.00	 	1,26,217.22
14 Aug 2022	14 Aug 2022	   TO TRANSFER-UPI/DR/222655273827/SWIGGY/ICIC/upiswiggy@/UPI--	TRANSFER TO 5098097162096	230.00	 	1,25,987.22
15 Aug 2022	15 Aug 2022	   TO TRANSFER-UPI/DR/222776191909/Swiggy/UTIB/swiggyupi@/Swiggy--	TRANSFER TO 5097506162093	175.00	 	1,25,812.22
15 Aug 2022	15 Aug 2022	   TO TRANSFER-UPI/DR/222778292105/GOPALASE/SBIN/vivek.gopa/UPI--	TRANSFER TO 4695578162097	5,650.00	 	1,20,162.22
15 Aug 2022	15 Aug 2022	   TO TRANSFER-UPI/DR/222789906501/Swiggy/ICIC/swiggystor/UPI--	TRANSFER TO 4695783162093	168.00	 	1,19,994.22
16 Aug 2022	16 Aug 2022	   DEBIT-ACHDr CITI00002000000037 BD Kotak MF-OT--		10,000.00	 	1,09,994.22
16 Aug 2022	16 Aug 2022	   TO TRANSFER-UPI/DR/222894610004/KG ENGIN/YESB/q729332521/UPI--	TRANSFER TO 4692484162095	196.00	 	1,09,798.22
16 Aug 2022	16 Aug 2022	   TO TRANSFER-UPI/DR/222898680764/Swiggy/UTIB/swiggyupi@/Swiggy--	TRANSFER TO 4692476162095	273.00	 	1,09,525.22
16 Aug 2022	16 Aug 2022	   TO TRANSFER-UPI/DR/222857656104/Swiggy/UTIB/swiggyupi@/Swiggy--	TRANSFER TO 4692466162097	11.00	 	1,09,514.22
16 Aug 2022	16 Aug 2022	   BY TRANSFER-UPI/CR/222857904683/Swiggy/UTIB/swiggy.ref/Refund--	TRANSFER FROM 4693132162090	 	11.00	1,09,525.22
16 Aug 2022	16 Aug 2022	   BY TRANSFER-UPI/CR/222857905179/Swiggy/UTIB/swiggy.ref/Refund--	TRANSFER FROM 4695124162095	 	273.00	1,09,798.22
16 Aug 2022	16 Aug 2022	   TO TRANSFER-UPI/DR/222858121400/Swiggy/UTIB/swiggyupi@/Swiggy--	TRANSFER TO 5097623162090	333.00	 	1,09,465.22
18 Aug 2022	18 Aug 2022	   TO TRANSFER-UPI/DR/223045220563/SATWANTI/SBIN/pinkiarora/UPI--	TRANSFER TO 4898865162091	70.00	 	1,09,395.22
18 Aug 2022	18 Aug 2022	   TO TRANSFER-UPI/DR/223053319282/GIYASUDD/PYTM/paytmqr281/UPI--	TRANSFER TO 5097795162091	45.00	 	1,09,350.22
19 Aug 2022	19 Aug 2022	   TO TRANSFER-UPI/DR/223168225011/SWIGGY/ICIC/upiswiggy@/Payment--	TRANSFER TO 4696204162097	122.00	 	1,09,228.22
20 Aug 2022	20 Aug 2022	   TO TRANSFER-UPI/DR/223241289538/Swiggy/UTIB/swiggy.sto/Swiggy--	TRANSFER TO 4692634162097	133.00	 	1,09,095.22
20 Aug 2022	20 Aug 2022	   TO TRANSFER-UPI/DR/223269387885/SWIGGY/ICIC/upiswiggy@/Payment--	TRANSFER TO 4692658162099	204.00	 	1,08,891.22
20 Aug 2022	20 Aug 2022	   TO TRANSFER-UPI/DR/223270845448/SWIGGY/ICIC/upiswiggy@/Payment--	TRANSFER TO 4692643162096	241.00	 	1,08,650.22
21 Aug 2022	21 Aug 2022	   TO TRANSFER-UPI/DR/223369505211/Swiggy/UTIB/swiggyupi@/Swiggy--	TRANSFER TO 5098061162098	431.00	 	1,08,219.22
22 Aug 2022	22 Aug 2022	   TO TRANSFER-UPI/DR/223475052974/SWIGGY/ICIC/upiswiggy@/Payment--	TRANSFER TO 5097526162090	400.00	 	1,07,819.22
23 Aug 2022	23 Aug 2022	   TO TRANSFER-UPI/DR/223561069795/GIYASUDD/PYTM/paytmqr281/UPI--	TRANSFER TO 5097608162098	65.00	 	1,07,754.22
24 Aug 2022	24 Aug 2022	   BULK POSTING-22189093873 ITD TAX REFUND AY 22-23 PAN BYTPG9632C--		 	14,440.00	1,22,194.22
24 Aug 2022	24 Aug 2022	   TO TRANSFER-UPI/DR/223683913668/SATWANTI/SBIN/pinkiarora/UPI--	TRANSFER TO 5099510162092	100.00	 	1,22,094.22
24 Aug 2022	24 Aug 2022	   TO TRANSFER-UPI/DR/223681548598/SWIGGY/ICIC/upiswiggy@/Payment--	TRANSFER TO 4695994162093	176.00	 	1,21,918.22
24 Aug 2022	24 Aug 2022	   TO TRANSFER-UPI/DR/223690402138/HIMANSHU/IPOS/himanshumi/UPI--	TRANSFER TO 4694047162098	100.00	 	1,21,818.22
25 Aug 2022	25 Aug 2022	   BY TRANSFER-NEFT*HSBC0110005*HSBCN22237693454*BLACKROCK SERVIC--	TRANSFER FROM 3199955044308	 	72,313.33	1,94,131.55
26 Aug 2022	26 Aug 2022	   TO TRANSFER-UPI/DR/223829345301/Tulip Bl/PYTM/paytmqr281/UPI--	TRANSFER TO 4692607162099	130.00	 	1,94,001.55
27 Aug 2022	27 Aug 2022	   TO TRANSFER-UPI/DR/223987752475/SWIGGY/ICIC/upiswiggy@/Payment--	TRANSFER TO 4696301162097	148.00	 	1,93,853.55
28 Aug 2022	28 Aug 2022	   TO TRANSFER-UPI/DR/224090183659/Swiggy/ICIC/swiggystor/Payment--	TRANSFER TO 4692685162097	154.00	 	1,93,699.55
28 Aug 2022	28 Aug 2022	   TO TRANSFER-UPI/DR/224069817911/KG ENGIN/YESB/q729332521/UPI--	TRANSFER TO 4696402162092	177.00	 	1,93,522.55
28 Aug 2022	28 Aug 2022	   TO TRANSFER-UPI/DR/224090589678/SWIGGY/ICIC/upiswiggy@/Payment--	TRANSFER TO 4692677162097	148.00	 	1,93,374.55
28 Aug 2022	28 Aug 2022	   TO TRANSFER-UPI/DR/224023138320/Swiggy/UTIB/swiggy.sto/Swiggy--	TRANSFER TO 5098080162094	82.00	 	1,93,292.55
28 Aug 2022	28 Aug 2022	   BY TRANSFER-UPI/CR/224023624919/Swiggy/UTIB/swiggy.ref/Refund--	TRANSFER FROM 4693678162099	 	82.00	1,93,374.55
29 Aug 2022	29 Aug 2022	   TO TRANSFER-UPI/DR/224192963795/SWIGGY/ICIC/upiswiggy@/Payment--	TRANSFER TO 4695779162099	94.00	 	1,93,280.55
29 Aug 2022	29 Aug 2022	   TO TRANSFER-UPI/DR/224193153188/Swiggy/ICIC/swiggystor/Payment--	TRANSFER TO 5097502162097	350.00	 	1,92,930.55
29 Aug 2022	29 Aug 2022	   TO TRANSFER-UPI/DR/224194300355/SWIGGY/ICIC/upiswiggy@/Payment--	TRANSFER TO 5097520162095	208.00	 	1,92,722.55
30 Aug 2022	30 Aug 2022	   TO TRANSFER-UPI/DR/224223740101/SATWANTI/SBIN/pinkiarora/UPI--	TRANSFER TO 5099468162090	100.00	 	1,92,622.55
31 Aug 2022	31 Aug 2022	   TO TRANSFER-UPI/DR/224398232649/SWIGGY/ICIC/upiswiggy@/Payment--	TRANSFER TO 5097728162091	110.00	 	1,92,512.55
1 Sep 2022	1 Sep 2022	   TO TRANSFER-UPI/DR/224485786981/SWIGGY/YESB/swiggy@yes/Pay for--	TRANSFER TO 5097830162092	441.00	 	1,92,071.55
2 Sep 2022	2 Sep 2022	   TO TRANSFER-UPI/DR/224513305135/PAWAN  K/SBIN/pkdalal277/UPI--	TRANSFER TO 4694225162097	12,520.00	 	1,79,551.55
2 Sep 2022	2 Sep 2022	   TO TRANSFER-UPI/DR/224515113861/SWIGGY/YESB/swiggy@yes/Pay for--	TRANSFER TO 4898746162097	258.00	 	1,79,293.55
3 Sep 2022	3 Sep 2022	   TO TRANSFER-UPI/DR/224639444048/zeptonow/ICIC/cfzeptonow/UPI--	TRANSFER TO 4696272162097	89.00	 	1,79,204.55
3 Sep 2022	3 Sep 2022	   TO TRANSFER-UPI/DR/224639544008/zeptonow/ICIC/cfzeptonow/UPI--	TRANSFER TO 4696281162096	175.00	 	1,79,029.55
3 Sep 2022	3 Sep 2022	   TO TRANSFER-UPI/DR/224656740963/HIMANSHU/SBIN/q922253052/UPI--	TRANSFER TO 4694328162091	200.00	 	1,78,829.55
4 Sep 2022	4 Sep 2022	   TO TRANSFER-UPI/DR/224769762082/Swiggy/ICIC/swiggystor/UPI--	TRANSFER TO 5098072162095	121.00	 	1,78,708.55
4 Sep 2022	4 Sep 2022	   TO TRANSFER-UPI/DR/224785146519/Swiggy/UTIB/swiggyupi@/Swiggy--	TRANSFER TO 5098070162096	489.00	 	1,78,219.55
5 Sep 2022	5 Sep 2022	   TO TRANSFER-UPI/DR/224802767030/KG ENGIN/YESB/q729332521/UPI--	TRANSFER TO 4695783162093	158.00	 	1,78,061.55
6 Sep 2022	6 Sep 2022	   TO TRANSFER-UPI/DR/224944264582/Swiggy/UTIB/swiggyupi@/Swiggy--	TRANSFER TO 5097617162098	415.00	 	1,77,646.55
7 Sep 2022	7 Sep 2022	   TO TRANSFER-UPI/DR/225074211774/Amazon Pay/UTIB/amazonupi@/You--	TRANSFER TO 5097700162091	334.05	 	1,77,312.50
7 Sep 2022	7 Sep 2022	   TO TRANSFER-UPI/DR/225074766966/Swiggy/UTIB/swiggyupi@/Swiggy--	TRANSFER TO 4692532162092	203.00	 	1,77,109.50
10 Sep 2022	10 Sep 2022	   TO TRANSFER-UPI/DR/225339514746/GOPALASE/SBIN/vivek.gopa/UPI--	TRANSFER TO 5099719162097	173.00	 	1,76,936.50
10 Sep 2022	10 Sep 2022	   TO TRANSFER-UPI/DR/225350174626/SWIGGY/ICIC/upiswiggy@/UPI--	TRANSFER TO 5097970162092	256.00	 	1,76,680.50
11 Sep 2022	11 Sep 2022	   TO TRANSFER-UPI/DR/225462643835/Swiggy/UTIB/swiggy.sto/Swiggy--	TRANSFER TO 4696376162090	218.00	 	1,76,462.50
14 Sep 2022	14 Sep 2022	TO CLEARING-HDF   Shriram City Union Financ--678433	678433	1,50,000.00	 	26,462.50
15 Sep 2022	15 Sep 2022	   TO TRANSFER-UPI/DR/225878381014/GIYASUDD/PYTM/paytmqr281/UPI--	TRANSFER TO 4696090162091	40.00	 	26,422.50
16 Sep 2022	16 Sep 2022	   DEBIT-ACHDr CITI00002000000037 BD Kotak MF-OT--		10,000.00	 	16,422.50
17 Sep 2022	17 Sep 2022	   TO TRANSFER-UPI/DR/226032339533/K SUNAM /PYTM/7873359808/UPI--	TRANSFER TO 5098043162099	1,110.00	 	15,312.50
17 Sep 2022	17 Sep 2022	   TO TRANSFER-UPI/DR/226036253393/TAMRADHV/ICIC/gangotribh/UPI--	TRANSFER TO 4897683162095	205.00	 	15,107.50
18 Sep 2022	18 Sep 2022	   TO TRANSFER-UPI/DR/226151900069/SS Ventu/PYTM/paytmqr281/UPI--	TRANSFER TO 4692693162097	240.00	 	14,867.50
18 Sep 2022	18 Sep 2022	   TO TRANSFER-UPI/DR/226155927372/Swiggy/ICIC/swiggystor/UPI--	TRANSFER TO 5098076162091	129.00	 	14,738.50
18 Sep 2022	18 Sep 2022	   TO TRANSFER-UPI/DR/226160102128/ANIL KUM/PUNB/q544257643/UPI--	TRANSFER TO 5098146162093	182.00	 	14,556.50
18 Sep 2022	18 Sep 2022	   TO TRANSFER-UPI/DR/226161415813/Swiggy/UTIB/swiggy.sto/Swiggy--	TRANSFER TO 4696379162097	171.00	 	14,385.50
18 Sep 2022	18 Sep 2022	   TO TRANSFER-UPI/DR/226162769240/K SUNAM /PYTM/7873359808/UPI--	TRANSFER TO 5099844162092	1,215.00	 	13,170.50
22 Sep 2022	22 Sep 2022	   TO TRANSFER-UPI/DR/226550048525/Tulip Bl/PYTM/paytmqr281/UPI--	TRANSFER TO 4692557162093	70.00	 	13,100.50
23 Sep 2022	23 Sep 2022	   BY TRANSFER-NEFT*HSBC0110005*HSBCN22266096981*BLACKROCK SERVIC--	TRANSFER FROM 3199965044307	 	72,508.33	85,608.83
23 Sep 2022	23 Sep 2022	   TO TRANSFER-UPI/DR/226667494998/SWIGGY/ICIC/upiswiggy@/UPI--	TRANSFER TO 4696940162098	509.00	 	85,099.83
24 Sep 2022	24 Sep 2022	   BY TRANSFER-UPI/CR/226719321201/K SUNAM /PYTM/7873359808/NA--	TRANSFER FROM 4693544162091	 	250.00	85,349.83
24 Sep 2022	24 Sep 2022	   TO TRANSFER-UPI/DR/226789934983/SATWANTI/SBIN/pinkiarora/UPI--	TRANSFER TO 4695729162098	100.00	 	85,249.83
24 Sep 2022	24 Sep 2022	   TO TRANSFER-UPI/DR/226702583666/SATWANTI/SBIN/pinkiarora/UPI--	TRANSFER TO 4695717162092	100.00	 	85,149.83
25 Sep 2022	25 Sep 2022	   TO TRANSFER-UPI/DR/226820952504/SATWANTI/SBIN/pinkiarora/UPI--	TRANSFER TO 4898923162097	100.00	 	85,049.83
25 Sep 2022	25 Sep 2022	   TO TRANSFER-UPI/DR/226821586180/KG ENGIN/YESB/q729332521/UPI--	TRANSFER TO 5098096162097	354.00	 	84,695.83
25 Sep 2022	25 Sep 2022	   TO TRANSFER-UPI/DR/226822777039/SWIGGY/YESB/swiggy@yes/Pay for--	TRANSFER TO 4697016162094	208.00	 	84,487.83
25 Sep 2022	25 Sep 2022	   CREDIT INTEREST---		 	789.00	85,276.83
27 Sep 2022	27 Sep 2022	   TO TRANSFER-UPI/DR/227063713186/GIYASUDD/YESB/q369006013/UPI--	TRANSFER TO 5097641162098	40.00	 	85,236.83
28 Sep 2022	28 Sep 2022	   TO TRANSFER-UPI/DR/227183897556/ICICI Me/ICIC/fsv.470000/UPI--	TRANSFER TO 5097696162094	651.00	 	84,585.83
28 Sep 2022	28 Sep 2022	   TO TRANSFER-UPI/DR/227188712460/RAHUL TR/PYTM/paytmqr281/UPI--	TRANSFER TO 5097721162098	1,000.00	 	83,585.83
28 Sep 2022	28 Sep 2022	   TO TRANSFER-UPI/DR/227197267302/ANNAPURN/PYTM/paytmqr281/UPI--	TRANSFER TO 4692537162097	3,100.00	 	80,485.83
1 Oct 2022	1 Oct 2022	   TO TRANSFER-UPI/DR/227454552583/EURONETG/ICIC/euronetgpa/UPI--	TRANSFER TO 5097969162096	107.00	 	80,378.83
1 Oct 2022	1 Oct 2022	   TO TRANSFER-UPI/DR/227462550114/EKART/YESB/ekart@ybl/Payment--	TRANSFER TO 4692643162096	187.00	 	80,191.83
2 Oct 2022	2 Oct 2022	   TO TRANSFER-UPI/DR/227584686206/PAWAN  K/SBIN/pkdalal277/UPI--	TRANSFER TO 4695758162093	12,480.00	 	67,711.83
2 Oct 2022	2 Oct 2022	   TO TRANSFER-UPI/DR/227501716512/AKIB KHA/PYTM/q529916135/UPI--	TRANSFER TO 5098123162090	10.00	 	67,701.83
7 Oct 2022	7 Oct 2022	   TO TRANSFER-UPI/DR/228017747192/RINA DAS/SBIN/rinadas546/UPI--	TRANSFER TO 5097952162094	2,000.00	 	65,701.83
8 Oct 2022	8 Oct 2022	   TO TRANSFER-UPI/DR/228134628705/rahulcar/UTIB/rahulcarre/UPI T--	TRANSFER TO 4696958162099	1,199.00	 	64,502.83
8 Oct 2022	8 Oct 2022	   TO TRANSFER-INB ppf--	IHQ8657106               TRANSFER TO 40793021473  	500.00	 	64,002.83
9 Oct 2022	9 Oct 2022	   TO TRANSFER-UPI/DR/228270127639/SURENDER/SBIN/surenderku/UPI--	TRANSFER TO 4898919162093	1,450.00	 	62,552.83
10 Oct 2022	10 Oct 2022	   TO TRANSFER-UPI/DR/228384013242/SATWANTI/SBIN/pinkiarora/UPI--	TRANSFER TO 4695565162092	100.00	 	62,452.83
10 Oct 2022	10 Oct 2022	   TO TRANSFER-UPI/DR/228387404436/SWIGGY/ICIC/upiswiggy@/UPI--	TRANSFER TO 5097534162090	297.00	 	62,155.83
10 Oct 2022	10 Oct 2022	   TO TRANSFER-UPI/DR/228301180847/SWIGGY/ICIC/upiswiggy@/UPI--	TRANSFER TO 5097523162093	120.00	 	62,035.83
11 Oct 2022	11 Oct 2022	   TO TRANSFER-UPI/DR/228406314818/Swiggy/ICIC/swiggystor/UPI--	TRANSFER TO 4695896162094	112.00	 	61,923.83
12 Oct 2022	12 Oct 2022	   TO TRANSFER-UPI/DR/228548574976/GIYASUDD/PYTM/paytmqr281/UPI--	TRANSFER TO 4696000162097	35.00	 	61,888.83
13 Oct 2022	13 Oct 2022	   TO TRANSFER-UPI/DR/228665952010/KG ENGIN/YESB/q729332521/UPI--	TRANSFER TO 4696088162096	354.00	 	61,534.83
14 Oct 2022	14 Oct 2022	   TO TRANSFER-UPI/DR/228701224709/K SUNAM /PYTM/7873359808/UPI--	TRANSFER TO 4694202162093	450.00	 	61,084.83
15 Oct 2022	15 Oct 2022	   TO TRANSFER-UPI/DR/228816532481/Swiggy/UTIB/swiggyupi@/Swiggy--	TRANSFER TO 5098017162091	196.00	 	60,888.83
16 Oct 2022	16 Oct 2022	   TO TRANSFER-UPI/DR/228934832188/zeptonow/YESB/cashfreeze/UPI--	TRANSFER TO 5098071162096	91.00	 	60,797.83
16 Oct 2022	16 Oct 2022	   TO TRANSFER-UPI/DR/228953843042/Swiggy/UTIB/swiggyupi@/Swiggy--	TRANSFER TO 4697007162094	208.00	 	60,589.83
17 Oct 2022	17 Oct 2022	   DEBIT-ACHDr CITI00002000000037 BD Kotak MF-OT--		10,000.00	 	50,589.83
17 Oct 2022	17 Oct 2022	   TO TRANSFER-UPI/DR/229078539073/SWIGGY/ICIC/upiswiggy@/UPI--	TRANSFER TO 4692436162092	446.00	 	50,143.83
19 Oct 2022	19 Oct 2022	   TO TRANSFER-UPI/DR/229223239063/SWIGGY/YESB/swiggy@yes/Pay for--	TRANSFER TO 4696878162099	373.00	 	49,770.83
20 Oct 2022	20 Oct 2022	   TO TRANSFER-UPI/DR/229358096944/Swiggy/UTIB/swiggyupi@/Swiggy--	TRANSFER TO 5097803162095	347.00	 	49,423.83
21 Oct 2022	21 Oct 2022	   BY TRANSFER-NEFT*HSBC0110005*HSBCN22294760245*BLACKROCK SERVIC--	TRANSFER FROM 3199971044309	 	72,508.33	1,21,932.16
21 Oct 2022	21 Oct 2022	   TO TRANSFER-UPI/DR/229479230308/Swiggy/UTIB/swiggyupi@/Swiggy--	TRANSFER TO 4696190162098	341.00	 	1,21,591.16
21 Oct 2022	21 Oct 2022	   TO TRANSFER-UPI/DR/229481050981/GEDDIT C/PYTM/paytm-6649/UPI--	TRANSFER TO 5097923162099	175.00	 	1,21,416.16
22 Oct 2022	22 Oct 2022	   TO TRANSFER-UPI/DR/229501711972/GEDDIT C/PYTM/paytm-6649/UPI--	TRANSFER TO 4696305162093	192.00	 	1,21,224.16
22 Oct 2022	22 Oct 2022	   TO TRANSFER-UPI/DR/229518233661/SATWANTI/SBIN/pinkiarora/UPI--	TRANSFER TO 4694371162099	100.00	 	1,21,124.16
22 Oct 2022	22 Oct 2022	   TO TRANSFER-UPI/DR/229521465640/Swiggy/UTIB/swiggyupi@/Swiggy--	TRANSFER TO 4696963162093	164.00	 	1,20,960.16
23 Oct 2022	23 Oct 2022	   TO TRANSFER-UPI/DR/229648158574/SWIGGY/YESB/swiggy@yes/Pay for--	TRANSFER TO 5098085162090	273.00	 	1,20,687.16
24 Oct 2022	24 Oct 2022	   TO TRANSFER-UPI/DR/229774170515/Swiggy/UTIB/swiggyupi@/Swiggy--	TRANSFER TO 4898277162099	483.00	 	1,20,204.16
25 Oct 2022	25 Oct 2022	   TO TRANSFER-UPI/DR/229887535154/SATWANTI/SBIN/pinkiarora/UPI--	TRANSFER TO 4693914162093	100.00	 	1,20,104.16
25 Oct 2022	25 Oct 2022	   TO TRANSFER-UPI/DR/229887582631/KG ENGIN/YESB/q729332521/UPI--	TRANSFER TO 4695870162093	168.00	 	1,19,936.16
26 Oct 2022	26 Oct 2022	   TO TRANSFER-UPI/DR/229905442233/SATWANTI/SBIN/pinkiarora/UPI--	TRANSFER TO 5099514162099	200.00	 	1,19,736.16
26 Oct 2022	26 Oct 2022	   TO TRANSFER-UPI/DR/229920275430/zeptonow/ICIC/cfzeptonow/UPI--	TRANSFER TO 4696868162091	107.00	 	1,19,629.16
27 Oct 2022	27 Oct 2022	   TO TRANSFER-UPI/DR/230045162471/SWIGGY/ICIC/upiswiggy@/UPI--	TRANSFER TO 4696902162094	330.00	 	1,19,299.16
28 Oct 2022	28 Oct 2022	   TO TRANSFER-UPI/DR/230157888778/SWIGGY/YESB/swiggy@yes/Pay for--	TRANSFER TO 4692587162098	374.00	 	1,18,925.16
28 Oct 2022	28 Oct 2022	   TO TRANSFER-UPI/DR/230163883382/EURONETG/ICIC/euronetgpa/UPI--	TRANSFER TO 5097880162093	719.00	 	1,18,206.16

**This is a computer generated statement and does not require a signature

