Account Name       :                	Ms. Eshanee  Ghosh
Address            :	D/O Anup Ghosh, plot no-4/B , street-14,
                                    	ashish nagar (west) Risali Bhilai
                                    	Civic Centre Bhilai-490006
                                    	409:Durg
Date               :                	27 Apr 2023
Account Number     :	_00000038450340736
Account Description:	REGULAR SB CHQ-INDIVIDUALS
Branch             :	RISALI BHILAI
Drawing Power      :	0.00
Interest Rate(% p.a.):	2.7
MOD Balance      :	0.00
CIF No.          :	_90130472464
IFS (Indian Financial System) Code         :	SBIN0012328
MICR (Magnetic Ink Character Recognition)  Code        :	_490002020
Nomination Registered    :	Yes 
Balance on 1 Nov 2022        :	1,17,425.16
Start Date          :	1 Nov 2022
End Date            :	27 Apr 2023
Txn Date	Value Date	Description	Ref No./Cheque No.	        Debit	Credit	Balance	
1 Nov 2022	1 Nov 2022	   TO TRANSFER-UPI/DR/230569568064/GEDDIT C/PYTM/paytm-6649/UPI--	TRANSFER TO 5097623162090	229.00	 	1,17,196.16
2 Nov 2022	2 Nov 2022	   ATM WDL-ATM CASH 23061 DLF CYBER CITY TOWER D GURGAON--		6,000.00	 	1,11,196.16
2 Nov 2022	2 Nov 2022	   ATM WDL-ATM CASH 23061 DLF CYBER CITY TOWER D GURGAON--		6,000.00	 	1,05,196.16
2 Nov 2022	2 Nov 2022	   TO TRANSFER-UPI/DR/230698817316/PAWAN  K/SBIN/pkdalal277/UPI--	TRANSFER TO 4897665162097	340.00	 	1,04,856.16
3 Nov 2022	3 Nov 2022	   TO TRANSFER-UPI/DR/230709344629/SATWANTI/SBIN/pinkiarora/UPI--	TRANSFER TO 5097867162091	100.00	 	1,04,756.16
5 Nov 2022	5 Nov 2022	   BY TRANSFER-INB Gift to relatives / Friends--	IT00OFKYA9               TRANSFER FROM 10029964991	 	25,000.00	1,29,756.16
6 Nov 2022	6 Nov 2022	   BY TRANSFER-INB Gift to relatives / Friends--	IT00OFVHJ9               TRANSFER FROM 10029964991	 	10,000.00	1,39,756.16
6 Nov 2022	6 Nov 2022	   TO TRANSFER-UPI/DR/231079263083/K SUNAM /PYTM/7873359808/UPI--	TRANSFER TO 4695747162096	365.00	 	1,39,391.16
8 Nov 2022	8 Nov 2022	   TO TRANSFER-UPI/DR/231229704005/SATWANTI/SBIN/pinkiarora/UPI--	TRANSFER TO 4693914162093	100.00	 	1,39,291.16
8 Nov 2022	8 Nov 2022	   TO TRANSFER-UPI/DR/231241304213/SWIGGY/ICIC/upiswiggy@/UPI--	TRANSFER TO 4696843162099	197.00	 	1,39,094.16
9 Nov 2022	9 Nov 2022	   TO TRANSFER-UPI/DR/231349640429/SANKALP /ICIC/sankalp.sh/UPI--	TRANSFER TO 4695629162092	840.00	 	1,38,254.16
9 Nov 2022	9 Nov 2022	   TO TRANSFER-UPI/DR/231373956675/Quant Mu/ICIC/quantmf.bd/colle--	TRANSFER TO 4696005162093	1,00,000.00	 	38,254.16
9 Nov 2022	9 Nov 2022	   BY TRANSFER-UPI/REV/231373956675--	TRANSFER FROM 4696005162093	 	1,00,000.00	1,38,254.16
9 Nov 2022	9 Nov 2022	   TO TRANSFER-INB Quant Mutual Fund         BILL_RMKVS Payments--	YSBI1550496017IGAOPXEUW2               TRANSFER TO	1,00,000.00	 	38,254.16
10 Nov 2022	10 Nov 2022	   TO TRANSFER-UPI/DR/231471857941/Geddit C/ICIC/gedditzept/UPI--	TRANSFER TO 4696886162099	170.00	 	38,084.16
10 Nov 2022	10 Nov 2022	   TO TRANSFER-UPI/DR/231473533089/KG ENGIN/YESB/q729332521/UPI--	TRANSFER TO 4692562162097	419.00	 	37,665.16
11 Nov 2022	11 Nov 2022	   TO TRANSFER-UPI/DR/231500607386/JASMEEN /KKBK/ajasmeenka/UPI--	TRANSFER TO 4694295162094	201.00	 	37,464.16
11 Nov 2022	11 Nov 2022	   TO TRANSFER-UPI/DR/231510265004/SATWANTI/SBIN/pinkiarora/UPI--	TRANSFER TO 4694279162094	100.00	 	37,364.16
12 Nov 2022	12 Nov 2022	   TO TRANSFER-UPI/DR/231644088469/SWIGGY/YESB/swiggy@yes/Pay for--	TRANSFER TO 4696962162094	419.00	 	36,945.16
13 Nov 2022	13 Nov 2022	   TO TRANSFER-UPI/DR/231772037318/SWIGGY/YESB/swiggy@yes/Pay for--	TRANSFER TO 4692699162091	126.00	 	36,819.16
16 Nov 2022	16 Nov 2022	   DEBIT-ACHDr CITI00002000000037 BD Kotak MF-OT--		10,000.00	 	26,819.16
17 Nov 2022	17 Nov 2022	   TO TRANSFER-UPI/DR/232168619537/GIYASUDD/YESB/q369006013/UPI--	TRANSFER TO 5097812162095	120.00	 	26,699.16
19 Nov 2022	19 Nov 2022	   TO TRANSFER-UPI/DR/232304704531/SWIGGY/YESB/swiggy@yes/Pay for--	TRANSFER TO 5098017162091	100.00	 	26,599.16
19 Nov 2022	19 Nov 2022	   TO TRANSFER-UPI/DR/232313869276/SWIGGY/ICIC/upiswiggy@/UPI--	TRANSFER TO 4696987162095	123.00	 	26,476.16
19 Nov 2022	19 Nov 2022	   TO TRANSFER-UPI/DR/232316851138/Swiggy/ICIC/swiggystor/UPI--	TRANSFER TO 4696959162098	126.00	 	26,350.16
20 Nov 2022	20 Nov 2022	   TO TRANSFER-UPI/DR/232317170001/zeptonow/ICIC/cfzeptonow/UPI--	TRANSFER TO 4696297162098	303.00	 	26,047.16
20 Nov 2022	20 Nov 2022	   TO TRANSFER-UPI/DR/232437856316/SATWANTI/SBIN/pinkiarora/UPI--	TRANSFER TO 5099846162090	200.00	 	25,847.16
21 Nov 2022	21 Nov 2022	   TO TRANSFER-UPI/DR/232555068914/JASMEEN /KKBK/ajasmeenka/UPI--	TRANSFER TO 5099367162095	1,575.00	 	24,272.16
21 Nov 2022	21 Nov 2022	   TO TRANSFER-UPI/DR/232557965276/SUNIL  K/YESB/q910662226/UPI--	TRANSFER TO 4696794162093	45.00	 	24,227.16
22 Nov 2022	22 Nov 2022	   TO TRANSFER-UPI/DR/232683768464/Geddit C/ICIC/gedditzept/UPI--	TRANSFER TO 4695891162099	268.00	 	23,959.16
22 Nov 2022	22 Nov 2022	   TO TRANSFER-UPI/DR/232689399849/SWIGGY/YESB/swiggy@yes/Pay for--	TRANSFER TO 4692493162094	184.00	 	23,775.16
25 Nov 2022	25 Nov 2022	   BY TRANSFER-NEFT*HSBC0110005*HSBCN22329573656*BLACKROCK SERVIC--	TRANSFER FROM 3199423044304	 	72,688.33	96,463.49
26 Nov 2022	26 Nov 2022	   TO TRANSFER-UPI/DR/233076000461/ADITYAN /BARB/interagus./UPI--	TRANSFER TO 4898915162097	164.00	 	96,299.49
26 Nov 2022	26 Nov 2022	   TO TRANSFER-UPI/DR/233077289774/SWIGGY/ICIC/upiswiggy@/UPI--	TRANSFER TO 4696288162099	100.00	 	96,199.49
26 Nov 2022	26 Nov 2022	   TO TRANSFER-UPI/DR/233091759986/Swiggy/UTIB/swiggyupi@/Swiggy--	TRANSFER TO 4696979162095	103.00	 	96,096.49
26 Nov 2022	26 Nov 2022	   TO TRANSFER-UPI/DR/233093105705/SATWANTI/SBIN/pinkiarora/UPI--	TRANSFER TO 4694362162090	200.00	 	95,896.49
27 Nov 2022	27 Nov 2022	   TO TRANSFER-UPI/DR/233113590076/SWIGGY/YESB/swiggy@yes/Pay for--	TRANSFER TO 4692697162093	87.00	 	95,809.49
29 Nov 2022	29 Nov 2022	   TO TRANSFER-UPI/DR/233333727374/Amazon Pay/UTIB/amazonupi@/You--	TRANSFER TO 4692482162097	1,214.94	 	94,594.55
29 Nov 2022	29 Nov 2022	   TO TRANSFER-UPI/DR/233365306772/SATWANTI/SBIN/pinkiarora/UPI--	TRANSFER TO 5099471162095	100.00	 	94,494.55
29 Nov 2022	29 Nov 2022	   TO TRANSFER-UPI/DR/233324246089/Amazon I/YESB/amazon@yap/You a--	TRANSFER TO 5097598162095	329.00	 	94,165.55
29 Nov 2022	29 Nov 2022	   TO TRANSFER-UPI/DR/233372302982/SWIGGY/YESB/swiggy@yes/Pay for--	TRANSFER TO 4692467162096	210.00	 	93,955.55
1 Dec 2022	1 Dec 2022	   ATM WDL-ATM CASH 23351 DLF CYBER CITY TOWER D GURGAON--		6,000.00	 	87,955.55
1 Dec 2022	1 Dec 2022	   ATM WDL-ATM CASH 23351 DLF CYBER CITY TOWER D GURGAON--		6,000.00	 	81,955.55
2 Dec 2022	2 Dec 2022	   TO TRANSFER-UPI/DR/233629796953/TULIP BR/PYTM/paytmqr281/UPI--	TRANSFER TO 4692599162094	80.00	 	81,875.55
2 Dec 2022	2 Dec 2022	   TO TRANSFER-UPI/DR/233634305679/PAWAN  K/SBIN/pkdalal277/UPI--	TRANSFER TO 5099676162093	240.00	 	81,635.55
3 Dec 2022	3 Dec 2022	   TO TRANSFER-UPI/DR/233737620852/P P Trav/UTIB/9136254548/UPI--	TRANSFER TO 4696280162096	270.00	 	81,365.55
3 Dec 2022	3 Dec 2022	   TO TRANSFER-UPI/DR/233745226172/UMESH YA/PYTM/paytmqr281/UPI--	TRANSFER TO 4692636162095	109.00	 	81,256.55
4 Dec 2022	4 Dec 2022	   TO TRANSFER-UPI/DR/233867599760/SATWANTI/SBIN/pinkiarora/UPI--	TRANSFER TO 5099837162091	100.00	 	81,156.55
4 Dec 2022	4 Dec 2022	   TO TRANSFER-UPI/DR/233869235207/SWIGGY/YESB/swiggy@yes/Pay for--	TRANSFER TO 4692668162098	168.00	 	80,988.55
6 Dec 2022	6 Dec 2022	   TO TRANSFER-UPI/DR/234005334033/ABHIJAT /PYTM/abhijatsin/UPI--	TRANSFER TO 4897664162098	38.00	 	80,950.55
6 Dec 2022	6 Dec 2022	   TO TRANSFER-UPI/DR/234005325764/Vedant S/ICIC/6362819503/UPI--	TRANSFER TO 5099445162096	3.00	 	80,947.55
6 Dec 2022	6 Dec 2022	   TO TRANSFER-UPI/DR/234005333627/K SUNAM /PYTM/7873359808/UPI--	TRANSFER TO 4695589162094	163.00	 	80,784.55
8 Dec 2022	8 Dec 2022	   TO TRANSFER-UPI/DR/234276990906/ANURAG  /SBIN/anuragyada/UPI--	TRANSFER TO 4694266162099	108.00	 	80,676.55
10 Dec 2022	10 Dec 2022	   TO TRANSFER-UPI/DR/234400850103/UGANTA/FDRL/bharatpe.9/Pay to--	TRANSFER TO 4692652162095	63.00	 	80,613.55
10 Dec 2022	10 Dec 2022	   TO TRANSFER-UPI/DR/234403871671/JAVED S /FDRL/bharatpe.9/Verif--	TRANSFER TO 4696296162099	122.00	 	80,491.55
10 Dec 2022	10 Dec 2022	   TO TRANSFER-UPI/DR/234404974357/THE FOOD/HDFC/thefoodstr/UPI--	TRANSFER TO 4692655162092	341.25	 	80,150.30
10 Dec 2022	10 Dec 2022	   TO TRANSFER-UPI/DR/234406787155/MUSTAKIM/UBIN/q550292364/UPI--	TRANSFER TO 5099730162091	180.00	 	79,970.30
10 Dec 2022	10 Dec 2022	   TO TRANSFER-UPI/DR/234412740199/ABHIJAT /PYTM/abhijatsin/UPI--	TRANSFER TO 5099772162093	183.00	 	79,787.30
10 Dec 2022	10 Dec 2022	   TO TRANSFER-UPI/DR/234412727751/REEMA  A/SBIN/reemasmu13/UPI--	TRANSFER TO 4694327162092	108.00	 	79,679.30
10 Dec 2022	10 Dec 2022	   TO TRANSFER-UPI/DR/234412842513/ABHIJAT /PYTM/abhijatsin/UPI--	TRANSFER TO 4694367162095	23.00	 	79,656.30
10 Dec 2022	10 Dec 2022	   BY TRANSFER-UPI/CR/234492979111/ABHIJAT /PYTM/abhijatsin/UPI--	TRANSFER FROM 4693548162097	 	75.00	79,731.30
10 Dec 2022	10 Dec 2022	   TO TRANSFER-UPI/DR/234415867692/SWIGGY/YESB/swiggy@yes/Pay for--	TRANSFER TO 5097972162091	133.00	 	79,598.30
11 Dec 2022	11 Dec 2022	   TO TRANSFER-UPI/DR/234544454955/SWIGGY/YESB/swiggy@yes/Pay for--	TRANSFER TO 4697006162095	529.00	 	79,069.30
13 Dec 2022	13 Dec 2022	   TO TRANSFER-UPI/DR/234767945770/ABHIJAT /PYTM/abhijatsin/UPI--	TRANSFER TO 4693962162096	920.00	 	78,149.30
13 Dec 2022	13 Dec 2022	   TO TRANSFER-UPI/DR/234775441748/ROHIT KU/PYTM/paytmqr281/UPI--	TRANSFER TO 4696849162093	47.00	 	78,102.30
13 Dec 2022	13 Dec 2022	   TO TRANSFER-UPI/DR/234776951672/MINISO G/PYTM/paytm-7298/UPI--	TRANSFER TO 4695894162096	230.00	 	77,872.30
13 Dec 2022	13 Dec 2022	   TO TRANSFER-UPI/DR/234778643433/plaka/YESB/mab0450203/UPI--	TRANSFER TO 4692499162098	1,011.00	 	76,861.30
14 Dec 2022	14 Dec 2022	   TO TRANSFER-UPI/DR/234801892070/THE CAKE/FDRL/bharatpe.9/Pay t--	TRANSFER TO 4696866162093	405.00	 	76,456.30
16 Dec 2022	16 Dec 2022	   DEBIT-ACHDr CITI00002000000037 BD Kotak MF-OT--		10,000.00	 	66,456.30
17 Dec 2022	17 Dec 2022	   TO TRANSFER-UPI/DR/235154287228/KG ENGIN/YESB/q729332521/UPI--	TRANSFER TO 4692648162091	372.00	 	66,084.30
17 Dec 2022	17 Dec 2022	   TO TRANSFER-UPI/DR/235166719550/ICE CREA/YESB/q372167203/UPI--	TRANSFER TO 5097974162099	156.00	 	65,928.30
18 Dec 2022	18 Dec 2022	   TO TRANSFER-UPI/DR/235275044647/Durvesh /UTIB/9667061465/UPI--	TRANSFER TO 4898757162094	78.00	 	65,850.30
19 Dec 2022	19 Dec 2022	   TO TRANSFER-UPI/DR/235399524578/K Sunam /PYTM/7873359808/UPI--	TRANSFER TO 4693824162094	918.00	 	64,932.30
19 Dec 2022	19 Dec 2022	   TO TRANSFER-UPI/DR/235399520357/SANKALP /ICIC/sankalp.sh/UPI--	TRANSFER TO 5099400162097	1,068.00	 	63,864.30
19 Dec 2022	19 Dec 2022	   BY TRANSFER-UPI/CR/235332828385/K SUNAM /PYTM/7873359808/Split--	TRANSFER FROM 4695092162097	 	350.00	64,214.30
20 Dec 2022	20 Dec 2022	   TO TRANSFER-UPI/DR/235430245732/Sunil ku/PYTM/paytmqr281/UPI--	TRANSFER TO 5097597162096	125.00	 	64,089.30
21 Dec 2022	21 Dec 2022	   TO TRANSFER-UPI/DR/235564732579/Vedant N/ICIC/6362819503/UPI--	TRANSFER TO 4694163162096	823.00	 	63,266.30
21 Dec 2022	21 Dec 2022	   TO TRANSFER-UPI/DR/235564773368/SANKALP /ICIC/sankalp.sh/UPI--	TRANSFER TO 4694146162096	1,000.00	 	62,266.30
21 Dec 2022	21 Dec 2022	   TO TRANSFER-UPI/DR/235564782593/K Sunam /PYTM/7873359808/UPI--	TRANSFER TO 5097846162095	224.00	 	62,042.30
21 Dec 2022	21 Dec 2022	   TO TRANSFER-UPI/DR/235664769980/ABHIJAT /PYTM/abhijatsin/UPI--	TRANSFER TO 4694133162091	120.00	 	61,922.30
22 Dec 2022	22 Dec 2022	   TO TRANSFER-UPI/DR/235674397373/MD MEHER/PYTM/q86855206@/UPI--	TRANSFER TO 4694131162093	71.00	 	61,851.30
22 Dec 2022	22 Dec 2022	   TO TRANSFER-UPI/DR/235682905742/SWIGGY/YESB/swiggy@yes/Pay for--	TRANSFER TO 4692578162099	302.00	 	61,549.30
23 Dec 2022	23 Dec 2022	   BY TRANSFER-NEFT*HSBC0110005*HSBCN22357117767*BLACKROCK SERVIC--	TRANSFER FROM 3199963044309	 	72,598.33	1,34,147.63
23 Dec 2022	23 Dec 2022	   TO TRANSFER-UPI/DR/235705856399/Dhaba Es/YESB/q35925661@/UPI--	TRANSFER TO 5097874162092	1,746.00	 	1,32,401.63
24 Dec 2022	24 Dec 2022	   TO TRANSFER-UPI/DR/235815495459/SWIGGY/YESB/swiggy@yes/Pay for--	TRANSFER TO 4696269162092	121.00	 	1,32,280.63
25 Dec 2022	25 Dec 2022	   TO TRANSFER-UPI/DR/235934556587/Swiggy/UTIB/swiggyupi@/Swiggy--	TRANSFER TO 5098069162090	499.00	 	1,31,781.63
25 Dec 2022	25 Dec 2022	   TO TRANSFER-UPI/DR/235941504030/SWIGGY/YESB/swiggy@yes/Pay for--	TRANSFER TO 4692690162099	344.00	 	1,31,437.63
25 Dec 2022	25 Dec 2022	   CREDIT INTEREST---		 	521.00	1,31,958.63
27 Dec 2022	27 Dec 2022	   TO TRANSFER-UPI/DR/236167903013/AKASH KU/IPOS/9627056200/UPI--	TRANSFER TO 5099445162096	83.00	 	1,31,875.63
27 Dec 2022	27 Dec 2022	   TO TRANSFER-UPI/DR/236170860698/SWIGGY/ICIC/upiswiggy@/UPI--	TRANSFER TO 4692482162097	1,025.00	 	1,30,850.63
27 Dec 2022	27 Dec 2022	   BY TRANSFER-UPI/CR/236112146313/SWIGGY/ICIC/upiswiggy@/TXN FAI--	TRANSFER FROM 5098932162090	 	511.00	1,31,361.63
27 Dec 2022	27 Dec 2022	   TO TRANSFER-UPI/DR/236189332691/Decathlo/UTIB/decathlons/Decat--	TRANSFER TO 4695894162096	1,298.00	 	1,30,063.63
31 Dec 2022	31 Dec 2022	   TO TRANSFER-UPI/DR/236552024230/SATWANTI/SBIN/pinkiarora/UPI--	TRANSFER TO 4694403162095	200.00	 	1,29,863.63
31 Dec 2022	31 Dec 2022	   TO TRANSFER-UPI/DR/236565985923/SWIGGY/YESB/swiggy@yes/Pay for--	TRANSFER TO 4696968162098	471.00	 	1,29,392.63
1 Jan 2023	1 Jan 2023	   TO TRANSFER-UPI/DR/300175897947/GHOSH  A/SBIN/anupghosh2/UPI--	TRANSFER TO 4694477162099	70,000.00	 	59,392.63
1 Jan 2023	1 Jan 2023	   TO TRANSFER-UPI/DR/300174073084/Amazon I/YESB/amazon@yap/You a--	TRANSFER TO 4696381162093	220.00	 	59,172.63
1 Jan 2023	1 Jan 2023	   TO TRANSFER-UPI/DR/300184135900/Swiggy/UTIB/swiggyupi@/Swiggy--	TRANSFER TO 4692680162091	537.00	 	58,635.63
2 Jan 2023	2 Jan 2023	   TO TRANSFER-UPI/DR/300295792340/Geddit C/ICIC/gedditzept/UPI--	TRANSFER TO 4692449162097	154.00	 	58,481.63
2 Jan 2023	2 Jan 2023	   TO TRANSFER-UPI/DR/300205912206/SWIGGY/YESB/swiggy@yes/Pay for--	TRANSFER TO 5097504162095	221.00	 	58,260.63
2 Jan 2023	2 Jan 2023	   TO TRANSFER-UPI/DR/300206240953/KG ENGIN/YESB/q729332521/UPI--	TRANSFER TO 5097511162097	242.00	 	58,018.63
3 Jan 2023	3 Jan 2023	   ATM WDL-ATM CASH 30031 DLF CYBER CITY TOWER D GURGAON--		6,000.00	 	52,018.63
3 Jan 2023	3 Jan 2023	   ATM WDL-ATM CASH 30031 DLF CYBER CITY TOWER D GURGAON--		6,000.00	 	46,018.63
3 Jan 2023	3 Jan 2023	   TO TRANSFER-UPI/DR/300330639833/SWIGGY/ICIC/upiswiggy@/UPI--	TRANSFER TO 4696839162095	92.00	 	45,926.63
5 Jan 2023	5 Jan 2023	   TO TRANSFER-UPI/DR/300572132712/Swiggy/UTIB/swiggyupi@/Swiggy--	TRANSFER TO 4696910162094	131.00	 	45,795.63
5 Jan 2023	5 Jan 2023	   TO TRANSFER-UPI/DR/300572314717/PAWAN  K/SBIN/pkdalal277/UPI--	TRANSFER TO 4694178162099	320.00	 	45,475.63
7 Jan 2023	7 Jan 2023	   TO TRANSFER-UPI/DR/300705569015/SWIGGY/ICIC/upiswiggy@/UPI--	TRANSFER TO 5097992162097	430.00	 	45,045.63
8 Jan 2023	8 Jan 2023	   TO TRANSFER-UPI/DR/300835510609/Geddit C/ICIC/gedditzept/UPI--	TRANSFER TO 4696401162093	286.00	 	44,759.63
8 Jan 2023	8 Jan 2023	   TO TRANSFER-UPI/DR/300805529276/Amazon I/YESB/amazon@yap/You a--	TRANSFER TO 4692697162093	204.00	 	44,555.63
8 Jan 2023	8 Jan 2023	   TO TRANSFER-UPI/DR/300841056608/KG ENGIN/YESB/q729332521/UPI--	TRANSFER TO 4696373162093	867.00	 	43,688.63
10 Jan 2023	10 Jan 2023	   BY TRANSFER-UPI/CR/301063682393/KARTIK M/ICIC/mathurkart/Chris--	TRANSFER FROM 4693110162095	 	250.00	43,938.63
10 Jan 2023	10 Jan 2023	   BY TRANSFER-UPI/CR/301000281211/RINA  DAS/SBIN/rinadas546/UPI--	TRANSFER FROM 4693196162095	 	2,000.00	45,938.63
12 Jan 2023	12 Jan 2023	   TO TRANSFER-UPI/DR/301262304729/Calcutta/PYTM/paytmqr281/UPI--	TRANSFER TO 5097789162099	50.00	 	45,888.63
13 Jan 2023	13 Jan 2023	   TO TRANSFER-UPI/DR/301389958654/Calcutta/PYTM/paytmqr281/UPI--	TRANSFER TO 4898749162094	40.00	 	45,848.63
14 Jan 2023	14 Jan 2023	   TO TRANSFER-UPI/DR/301408454973/Swiggy/UTIB/swiggyupi@/Swiggy--	TRANSFER TO 4696287162090	116.00	 	45,732.63
16 Jan 2023	16 Jan 2023	   DEBIT-ACHDr CITI00002000000037 BD Kotak MF-OT--		10,000.00	 	35,732.63
18 Jan 2023	18 Jan 2023	   TO TRANSFER-UPI/DR/301824913522/Swiggy/UTIB/swiggyupi@/Swiggy--	TRANSFER TO 4692509162090	294.00	 	35,438.63
19 Jan 2023	19 Jan 2023	   TO TRANSFER-UPI/DR/301930930388/EURONETG/ICIC/euronetgpa/UPI--	TRANSFER TO 4696913162092	719.00	 	34,719.63
20 Jan 2023	20 Jan 2023	   TO TRANSFER-UPI/DR/302065310060/VEDANT S/ICIC/6362819503/UPI--	TRANSFER TO 4695725162092	32.00	 	34,687.63
21 Jan 2023	21 Jan 2023	   TO TRANSFER-UPI/DR/302172960628/Uber Drive/UTIB/8448048993/UPI--	TRANSFER TO 4696963162093	71.00	 	34,616.63
22 Jan 2023	22 Jan 2023	   TO TRANSFER-UPI/DR/302295977085/Swiggy/UTIB/swiggyupi@/Swiggy--	TRANSFER TO 4697021162097	743.00	 	33,873.63
25 Jan 2023	25 Jan 2023	   BY TRANSFER-NEFT*HSBC0110005*HSBCN23025163479*BLACKROCK SERVIC--	TRANSFER FROM 3199970044309	 	72,628.33	1,06,501.96
25 Jan 2023	25 Jan 2023	   TO TRANSFER-UPI/DR/302583039142/MR  MUBA/SBIN/q438961090/UPI--	TRANSFER TO 5099550162094	73.00	 	1,06,428.96
25 Jan 2023	25 Jan 2023	   TO TRANSFER-UPI/DR/302583370312/Swiggy/UTIB/swiggyupi@/Swiggy--	TRANSFER TO 4696000162097	341.00	 	1,06,087.96
26 Jan 2023	26 Jan 2023	   by debit card-OTHPOS302615104341SARRAF HOTELS PRIVATE Jaipur--		2,600.00	 	1,03,487.96
27 Jan 2023	27 Jan 2023	   TO TRANSFER-UPI/DR/302715668498/RADHA GU/RMGB/rmguptaame/UPI--	TRANSFER TO 4694251162095	100.00	 	1,03,387.96
27 Jan 2023	27 Jan 2023	   TO TRANSFER-UPI/DR/302725090383/Rajesh K/PYTM/paytmqr281/UPI--	TRANSFER TO 4696203162098	60.00	 	1,03,327.96
27 Jan 2023	27 Jan 2023	   TO TRANSFER-UPI/DR/302725116083/Jitendra/UTIB/gpay-11178/UPI--	TRANSFER TO 4692592162091	20.00	 	1,03,307.96
27 Jan 2023	27 Jan 2023	   TO TRANSFER-UPI/DR/302729917772/M M KHAN/PYTM/paytmqr281/UPI--	TRANSFER TO 4898749162094	840.00	 	1,02,467.96
28 Jan 2023	28 Jan 2023	   TO TRANSFER-UPI/DR/302842960246/DHARMEND/PYTM/paytmqr281/UPI--	TRANSFER TO 4692620162092	100.00	 	1,02,367.96
28 Jan 2023	28 Jan 2023	   TO TRANSFER-UPI/DR/302845931872/DIVYA RE/PYTM/paytmqr281/UPI--	TRANSFER TO 4696967162099	960.00	 	1,01,407.96
29 Jan 2023	29 Jan 2023	   TO TRANSFER-UPI/DR/302977485332/COOKIES /PYTM/paytmqr281/UPI--	TRANSFER TO 5098061162098	280.00	 	1,01,127.96
29 Jan 2023	29 Jan 2023	   TO TRANSFER-UPI/DR/302978911869/RAJESH S/PYTM/paytmqr281/UPI--	TRANSFER TO 4692664162092	3,600.00	 	97,527.96
30 Jan 2023	30 Jan 2023	   TO TRANSFER-UPI/DR/303097162361/Gupta R/HSBC/7701801091/UPI--	TRANSFER TO 4693850162091	500.00	 	97,027.96
31 Jan 2023	31 Jan 2023	   BY TRANSFER-NEFT*HSBC0110005*HSBCN23031143725*BLACKROCK SERVIC--	TRANSFER FROM 3199959044304	 	42,768.00	1,39,795.96
2 Feb 2023	2 Feb 2023	   TO TRANSFER-UPI/DR/303383338308/ADITYAN /BARB/interagus./UPI--	TRANSFER TO 5099593162095	535.00	 	1,39,260.96
2 Feb 2023	2 Feb 2023	   TO TRANSFER-UPI/DR/303384121023/MOBIKWIK/ICIC/ombk.tkgaa/UPI--	TRANSFER TO 4696896162097	100.00	 	1,39,160.96
2 Feb 2023	2 Feb 2023	   ATM WDL-ATM CASH 30331 ++DLF CYBER CITY       GURGAON--		6,000.00	 	1,33,160.96
2 Feb 2023	2 Feb 2023	   ATM WDL-ATM CASH 30331 ++DLF CYBER CITY       GURGAON--		6,000.00	 	1,27,160.96
2 Feb 2023	2 Feb 2023	   BY TRANSFER-UPI/CR/303384375898/ADITYAN /BARB/interagus./UPI--	TRANSFER FROM 4693374162094	 	50.00	1,27,210.96
4 Feb 2023	4 Feb 2023	   TO TRANSFER-UPI/DR/303534349602/REEMA AG/HDFC/reemasmu13/UPI--	TRANSFER TO 5099762162095	914.00	 	1,26,296.96
4 Feb 2023	4 Feb 2023	   TO TRANSFER-UPI/DR/303534420557/K Sunam /PYTM/7873359808/UPI--	TRANSFER TO 4694374162096	3,634.00	 	1,22,662.96
4 Feb 2023	4 Feb 2023	   TO TRANSFER-UPI/DR/303536246091/SWIGGY/YESB/swiggy@yes/Pay for--	TRANSFER TO 5097981162090	260.00	 	1,22,402.96
4 Feb 2023	4 Feb 2023	   TO TRANSFER-UPI/DR/303549399327/Swiggy/UTIB/swiggyupi@/Swiggy--	TRANSFER TO 4692622162091	146.00	 	1,22,256.96
5 Feb 2023	5 Feb 2023	   TO TRANSFER-UPI/DR/303660724755/SWIGGY/ICIC/upiswiggy@/UPI--	TRANSFER TO 5098061162098	188.00	 	1,22,068.96
5 Feb 2023	5 Feb 2023	   TO TRANSFER-UPI/DR/303670893911/PAWAN  K/SBIN/pkdalal277/UPI--	TRANSFER TO 5099784162099	300.00	 	1,21,768.96
5 Feb 2023	5 Feb 2023	   TO TRANSFER-UPI/DR/303672105947/SWIGGYIN/YESB/swiggyinst/Pay f--	TRANSFER TO 5098108162098	182.00	 	1,21,586.96
6 Feb 2023	6 Feb 2023	   TO TRANSFER-UPI/DR/303793909391/PAYAL DO/PYTM/paytmqr281/UPI--	TRANSFER TO 4695784162092	60.00	 	1,21,526.96
7 Feb 2023	7 Feb 2023	   TO TRANSFER-UPI/DR/303861039538/MAKE MY /HDFC/makemytrip/Payme--	TRANSFER TO 4695875162099	11,840.00	 	1,09,686.96
10 Feb 2023	10 Feb 2023	   TO TRANSFER-UPI/DR/304122509979/Bharatpe/ICIC/bharatpe.9/UPI--	TRANSFER TO 4696196162093	95.00	 	1,09,591.96
11 Feb 2023	11 Feb 2023	   TO TRANSFER-UPI/DR/304230359036/SANKALP /ICIC/sankalp.sh/UPI--	TRANSFER TO 5099711162095	1,690.00	 	1,07,901.96
11 Feb 2023	11 Feb 2023	   BY TRANSFER-UPI/CR/304242169410/K SUNAM /PYTM/7873359808/NA--	TRANSFER FROM 5099189162096	 	95.00	1,07,996.96
11 Feb 2023	11 Feb 2023	   TO TRANSFER-UPI/DR/304238748778/MANNAN  /KKBK/q00991835@/UPI--	TRANSFER TO 5099708162099	133.00	 	1,07,863.96
11 Feb 2023	11 Feb 2023	   TO TRANSFER-UPI/DR/304239584364/Swiggy/ICIC/swiggystor/UPI--	TRANSFER TO 5097966162099	114.00	 	1,07,749.96
11 Feb 2023	11 Feb 2023	   TO TRANSFER-UPI/DR/304260100474/Amazon I/YESB/amazon@yap/You a--	TRANSFER TO 4696967162099	150.00	 	1,07,599.96
12 Feb 2023	12 Feb 2023	   TO TRANSFER-UPI/DR/304367571988/SATWANTI/SBIN/pinkiarora/UPI--	TRANSFER TO 5099785162098	110.00	 	1,07,489.96
13 Feb 2023	13 Feb 2023	   TO TRANSFER-UPI/DR/304496426104/SWIGGY/YESB/swiggy@yes/Pay for--	TRANSFER TO 4696825162091	210.00	 	1,07,279.96
15 Feb 2023	15 Feb 2023	   TO TRANSFER-UPI/DR/304637850856/KG ENGIN/YESB/q729332521/UPI--	TRANSFER TO 4696873162094	293.00	 	1,06,986.96
16 Feb 2023	16 Feb 2023	   DEBIT-ACHDr CITI00002000000037 BD Kotak MF-OT--		10,000.00	 	96,986.96
17 Feb 2023	17 Feb 2023	   TO TRANSFER-UPI/DR/304879005277/K SUNAM /PYTM/7873359808/UPI--	TRANSFER TO 4694239162091	339.00	 	96,647.96
17 Feb 2023	17 Feb 2023	   TO TRANSFER-UPI/DR/304879007883/K SUNAM /PYTM/7873359808/UPI--	TRANSFER TO 5099702162095	136.00	 	96,511.96
17 Feb 2023	17 Feb 2023	   TO TRANSFER-UPI/DR/304879025576/SANKALP /ICIC/sankalp.sh/UPI--	TRANSFER TO 4694284162097	582.00	 	95,929.96
18 Feb 2023	18 Feb 2023	   TO TRANSFER-UPI/DR/304993834360/Zepto/ICIC/zepto.rzp@/UPI--	TRANSFER TO 5097975162098	176.00	 	95,753.96
18 Feb 2023	18 Feb 2023	   TO TRANSFER-UPI/DR/304902390842/Swiggy/UTIB/swiggyupi@/Swiggy--	TRANSFER TO 4696303162095	146.00	 	95,607.96
19 Feb 2023	19 Feb 2023	   TO TRANSFER-UPI/DR/305014940581/SATWANTI/SBIN/pinkiarora/UPI--	TRANSFER TO 4898933162095	110.00	 	95,497.96
19 Feb 2023	19 Feb 2023	   TO TRANSFER-UPI/DR/305026256687/SAHNAJ/PYTM/paytmqr281/UPI--	TRANSFER TO 4697011162099	48.00	 	95,449.96
19 Feb 2023	19 Feb 2023	   TO TRANSFER-UPI/DR/305029096159/DHABA HR/PYTM/paytm-5235/UPI--	TRANSFER TO 4692699162091	1,112.00	 	94,337.96
20 Feb 2023	20 Feb 2023	   TO TRANSFER-UPI/DR/305139988879/SWIGGY/YESB/swiggy@yes/Pay for--	TRANSFER TO 5097527162099	501.00	 	93,836.96
20 Feb 2023	20 Feb 2023	   TO TRANSFER-UPI/DR/305159017882/SATWANTI/SBIN/pinkiarora/UPI--	TRANSFER TO 4693804162097	110.00	 	93,726.96
21 Feb 2023	21 Feb 2023	   TO TRANSFER-UPI/DR/305269608402/RAHUL TR/YESB/q341539329/UPI--	TRANSFER TO 4692469162094	1,200.00	 	92,526.96
21 Feb 2023	21 Feb 2023	   TO TRANSFER-UPI/DR/305277552996/KG ENGIN/YESB/q729332521/UPI--	TRANSFER TO 4696837162097	140.00	 	92,386.96
22 Feb 2023	22 Feb 2023	   ATM WDL-ATM CASH 30531 ++DLF CYBER CITY       GURGAON--		6,000.00	 	86,386.96
22 Feb 2023	22 Feb 2023	   ATM WDL-ATM CASH 30531 ++DLF CYBER CITY       GURGAON--		6,023.60	 	80,363.36
22 Feb 2023	22 Feb 2023	   TO TRANSFER-UPI/DR/305312865966/MUMBAI E/UTIB/9873241777/UPI--	TRANSFER TO 4695986162093	180.00	 	80,183.36
22 Feb 2023	22 Feb 2023	   TO TRANSFER-UPI/DR/305314661680/Parvesh /PYTM/paytmqr281/UPI--	TRANSFER TO 5097727162092	773.00	 	79,410.36
23 Feb 2023	23 Feb 2023	   TO TRANSFER-UPI/DR/305434698128/TULIP BR/PYTM/paytmqr281/UPI--	TRANSFER TO 5097805162093	110.00	 	79,300.36
24 Feb 2023	24 Feb 2023	   BY TRANSFER-NEFT*HSBC0110005*HSBCN23055800691*BLACKROCK SERVIC--	TRANSFER FROM 4697237044307	 	72,748.33	1,52,048.69
24 Feb 2023	24 Feb 2023	   TO TRANSFER-UPI/DR/305570559395/KG ENGIN/YESB/q729332521/UPI--	TRANSFER TO 4696932162099	186.00	 	1,51,862.69
24 Feb 2023	24 Feb 2023	   TO TRANSFER-UPI/DR/305572273104/SWIGGY/ICIC/upiswiggy@/UPI--	TRANSFER TO 4696926162097	200.00	 	1,51,662.69
25 Feb 2023	25 Feb 2023	   TO TRANSFER-UPI/DR/305678886342/PaytmUser/PYTM/8448044235/UPI--	TRANSFER TO 5099744162096	479.00	 	1,51,183.69
25 Feb 2023	25 Feb 2023	   TO TRANSFER-UPI/DR/305697187076/RAJARSHI/PYTM/paytmqr281/UPI--	TRANSFER TO 5097993162096	100.00	 	1,51,083.69
25 Feb 2023	25 Feb 2023	   TO TRANSFER-UPI/DR/305697277367/ABHISHEK/PYTM/paytmqr281/UPI--	TRANSFER TO 4696304162094	110.00	 	1,50,973.69
25 Feb 2023	25 Feb 2023	   TO TRANSFER-UPI/DR/305698399445/EURONETG/ICIC/euronetgpa/UPI--	TRANSFER TO 4696281162096	719.00	 	1,50,254.69
28 Feb 2023	28 Feb 2023	   TO TRANSFER-UPI/DR/305984502322/RAMCHAND/PYTM/paytmqr281/UPI--	TRANSFER TO 5097640162098	500.00	 	1,49,754.69
1 Mar 2023	1 Mar 2023	   TO TRANSFER-UPI/DR/306022226108/Wafflez /PYTM/paytmqr281/UPI--	TRANSFER TO 4696853162097	220.00	 	1,49,534.69
4 Mar 2023	4 Mar 2023	   TO TRANSFER-UPI/DR/306325792724/RAMCHAND/PYTM/paytmqr281/UPI--	TRANSFER TO 4692651162096	400.00	 	1,49,134.69
4 Mar 2023	4 Mar 2023	   BY TRANSFER-INB Gift to relatives / Friends--	IT00PVVZG3               TRANSFER FROM 10029964991	 	100.00	1,49,234.69
5 Mar 2023	5 Mar 2023	   TO TRANSFER-UPI/DR/306460832468/Soundary/PYTM/paytmqr281/UPI--	TRANSFER TO 4692667162099	1,550.00	 	1,47,684.69
11 Mar 2023	11 Mar 2023	   TO TRANSFER-UPI/DR/307039419907/Swiggy/UTIB/swiggyupi@/Swiggy--	TRANSFER TO 4696305162093	419.00	 	1,47,265.69
11 Mar 2023	11 Mar 2023	   TO TRANSFER-UPI/DR/307039875630/SURENDER/PYTM/paytmqr281/UPI--	TRANSFER TO 5097982162099	746.00	 	1,46,519.69
11 Mar 2023	11 Mar 2023	   TO TRANSFER-UPI/DR/307054149543/MD  IBRA/SBIN/imd12253-1/UPI--	TRANSFER TO 5099804162099	83.00	 	1,46,436.69
12 Mar 2023	12 Mar 2023	   TO TRANSFER-UPI/DR/307163337527/SWIGGY/YESB/swiggy@yes/Pay for--	TRANSFER TO 4697010162099	116.00	 	1,46,320.69
12 Mar 2023	12 Mar 2023	   TO TRANSFER-UPI/DR/307164109117/YOGESH K/FDRL/paytmqr281/UPI--	TRANSFER TO 4696403162091	70.00	 	1,46,250.69
13 Mar 2023	13 Mar 2023	   TO TRANSFER-UPI/DR/307287724617/SATWANTI/SBIN/pinkiarora/UPI--	TRANSFER TO 4695568162099	110.00	 	1,46,140.69
13 Mar 2023	13 Mar 2023	   TO TRANSFER-UPI/DR/307218714300/zeptonow/INDB/cf.zeptono/UPI--	TRANSFER TO 4695784162092	178.00	 	1,45,962.69
14 Mar 2023	14 Mar 2023	   TO TRANSFER-UPI/DR/307351379221/Swiggy/UTIB/swiggyupi@/Swiggy--	TRANSFER TO 4696819162099	205.00	 	1,45,757.69
15 Mar 2023	15 Mar 2023	   TO TRANSFER-UPI/DR/307477360567/TULIP BR/PYTM/paytmqr281/UPI--	TRANSFER TO 5097696162094	40.00	 	1,45,717.69
15 Mar 2023	15 Mar 2023	   TO TRANSFER-UPI/DR/307485339199/Jamil Khan/BARB/q746567854/UPI--	TRANSFER TO 4898842162097	78.00	 	1,45,639.69
16 Mar 2023	16 Mar 2023	   DEBIT-ACHDr CITI00002000000037 BD Kotak MF-OT--		10,000.00	 	1,35,639.69
16 Mar 2023	16 Mar 2023	   TO TRANSFER-UPI/DR/307619777864/PaytmUser/IDIB/9813932260/UPI--	TRANSFER TO 5099655162097	84.00	 	1,35,555.69
17 Mar 2023	17 Mar 2023	   TO TRANSFER-UPI/DR/307629082523/K SUNAM /PYTM/7873359808/UPI--	TRANSFER TO 4898884162098	487.00	 	1,35,068.69
17 Mar 2023	17 Mar 2023	   TO TRANSFER-UPI/DR/307629224658/PRAKHAR /INDB/pg.goel200/UPI--	TRANSFER TO 4694231162099	136.00	 	1,34,932.69
18 Mar 2023	18 Mar 2023	   TO TRANSFER-UPI/DR/307761247500/Mr RUJEL/YESB/bharatpe90/Pay t--	TRANSFER TO 4898731162094	78.00	 	1,34,854.69
19 Mar 2023	19 Mar 2023	   TO TRANSFER-UPI/DR/307889972179/SATWANTI/SBIN/pinkiarora/UPI--	TRANSFER TO 4898923162097	110.00	 	1,34,744.69
21 Mar 2023	21 Mar 2023	   TO TRANSFER-UPI/DR/308052474497/K SUNAM /PYTM/7873359808/UPI--	TRANSFER TO 4695599162092	109.00	 	1,34,635.69
21 Mar 2023	21 Mar 2023	   TO TRANSFER-UPI/DR/308058702387/SWIGGY/YESB/swiggy@yes/Pay for--	TRANSFER TO 4696820162095	523.00	 	1,34,112.69
21 Mar 2023	21 Mar 2023	   TO TRANSFER-UPI/DR/308060523085/Mr SHARIF/IDIB/q051305668/UPI--	TRANSFER TO 4898817162098	77.00	 	1,34,035.69
21 Mar 2023	21 Mar 2023	   TO TRANSFER-UPI/DR/308079905343/Swiggy/UTIB/swiggy.sto/Swiggy--	TRANSFER TO 4692467162096	103.00	 	1,33,932.69
21 Mar 2023	21 Mar 2023	   BY TRANSFER-UPI/CR/308027788867/Swiggy/UTIB/swiggy.ref/Refund--	TRANSFER FROM 4693185162098	 	103.00	1,34,035.69
22 Mar 2023	22 Mar 2023	   TO TRANSFER-UPI/DR/308181045189/SWIGGY/YESB/swiggy@yes/Pay for--	TRANSFER TO 5097724162095	373.00	 	1,33,662.69
22 Mar 2023	22 Mar 2023	   TO TRANSFER-UPI/DR/308102818953/TULIP BR/PYTM/paytmqr281/UPI--	TRANSFER TO 4696882162093	40.00	 	1,33,622.69
23 Mar 2023	23 Mar 2023	   TO TRANSFER-UPI/DR/308235188307/TULIP BR/PYTM/paytmqr281/UPI--	TRANSFER TO 4898283162091	40.00	 	1,33,582.69
23 Mar 2023	23 Mar 2023	   TO TRANSFER-UPI/DR/308251587774/Swiggy/UTIB/swiggyupi@/Swiggy--	TRANSFER TO 4696191162098	235.00	 	1,33,347.69
24 Mar 2023	24 Mar 2023	   BY TRANSFER-NEFT*HSBC0110005*HSBCN23083967706*BLACKROCK SERVIC--	TRANSFER FROM 3199412044307	 	72,778.33	2,06,126.02
24 Mar 2023	24 Mar 2023	   TO TRANSFER-UPI/DR/308356575374/SWIGGY/ICIC/upiswiggy@/UPI--	TRANSFER TO 4696935162096	388.00	 	2,05,738.02
24 Mar 2023	24 Mar 2023	   TO TRANSFER-UPI/DR/308368803641/DEEPAK/YESB/bharatpe90/Pay to--	TRANSFER TO 4696953162094	91.00	 	2,05,647.02
24 Mar 2023	24 Mar 2023	   TO TRANSFER-UPI/DR/308371688043/SWIGGY/ICIC/upiswiggy@/UPI--	TRANSFER TO 4696177162096	401.00	 	2,05,246.02
25 Mar 2023	25 Mar 2023	   TO TRANSFER-UPI/DR/308487832923/PaytmUser/PYTM/7303047520/UPI--	TRANSFER TO 5098051162099	77.00	 	2,05,169.02
25 Mar 2023	25 Mar 2023	   TO TRANSFER-UPI/DR/308488453949/zeptonow/ICIC/cfzeptonow/UPI--	TRANSFER TO 4696270162098	209.00	 	2,04,960.02
25 Mar 2023	25 Mar 2023	   TO TRANSFER-UPI/DR/345020704402/purplle/PYTM/purplle1@p/Oid250--	TRANSFER TO 5097966162099	231.00	 	2,04,729.02
25 Mar 2023	25 Mar 2023	   TO TRANSFER-UPI/DR/308406354019/Nisar Kh/UTIB/gpay-11175/UPI--	TRANSFER TO 4692631162090	60.00	 	2,04,669.02
25 Mar 2023	25 Mar 2023	   TO TRANSFER-UPI/DR/308406751810/MNS CONC/YESB/bharatpe90/Pay T--	TRANSFER TO 4696297162098	572.00	 	2,04,097.02
25 Mar 2023	25 Mar 2023	   CREDIT INTEREST---		 	700.00	2,04,797.02
26 Mar 2023	26 Mar 2023	   TO TRANSFER-UPI/DR/308514640313/MANSHA RAM/PYTM/paytmqr281/UPI--	TRANSFER TO 5098079162098	76.00	 	2,04,721.02
26 Mar 2023	26 Mar 2023	   TO TRANSFER-UPI/DR/308557816363/Swiggy/ICIC/swiggystor/Payment--	TRANSFER TO 5098069162090	250.00	 	2,04,471.02
26 Mar 2023	26 Mar 2023	   TO TRANSFER-UPI/DR/308558070984/SWIGGY/ICIC/upiswiggy@/Payment--	TRANSFER TO 4697021162097	116.00	 	2,04,355.02
28 Mar 2023	28 Mar 2023	   TO TRANSFER-UPI/DR/308742477099/Swiggy/UTIB/swiggyupi@/Swiggy--	TRANSFER TO 4695875162099	267.00	 	2,04,088.02
29 Mar 2023	29 Mar 2023	   TO TRANSFER-UPI/DR/308810058158/SATWANTI/SBIN/pinkiarora/UPI--	TRANSFER TO 4898847162092	110.00	 	2,03,978.02
29 Mar 2023	29 Mar 2023	   TO TRANSFER-UPI/DR/308801561259/SWIGGY/YESB/swiggy@yes/Debit M--	TRANSFER TO 4695983162096	145.00	 	2,03,833.02
2 Apr 2023	2 Apr 2023	   TO TRANSFER-UPI/DR/309257941726/Swiggy/UTIB/swiggyupi@/Swiggy--	TRANSFER TO 5098062162097	221.00	 	2,03,612.02
3 Apr 2023	3 Apr 2023	   ATM WDL-ATM CASH 30931 ++DLF CYBER CITY       GURGAON--		6,000.00	 	1,97,612.02
3 Apr 2023	3 Apr 2023	   ATM WDL-ATM CASH 30931 ++DLF CYBER CITY       GURGAON--		6,000.00	 	1,91,612.02
3 Apr 2023	3 Apr 2023	   TO TRANSFER-UPI/DR/309300405001/Mr RITES/PYTM/paytmqr281/UPI--	TRANSFER TO 4696801162098	81.00	 	1,91,531.02
4 Apr 2023	4 Apr 2023	TO CLEARING-AXS   SHRIRAM TRANSPORT FINANCE--678434	678434	1,50,000.00	 	41,531.02
6 Apr 2023	6 Apr 2023	   TO TRANSFER-UPI/DR/309671722810/Swiggy/ICIC/swiggystor/UPI--	TRANSFER TO 4696092162090	180.00	 	41,351.02
6 Apr 2023	6 Apr 2023	   TO TRANSFER-UPI/DR/309689353740/Calcutta/PYTM/paytmqr281/UPI--	TRANSFER TO 4897693162093	185.00	 	41,166.02
6 Apr 2023	6 Apr 2023	   BY TRANSFER-UPI/CR/309689358126/REEMA  A/SBIN/reemasmu13/UPI--	TRANSFER FROM 4693340162092	 	125.00	41,291.02
6 Apr 2023	6 Apr 2023	   TO TRANSFER-UPI/DR/309699005776/SANKALP /ICIC/sankalp.sh/UPI--	TRANSFER TO 4695706162094	2,075.00	 	39,216.02
7 Apr 2023	7 Apr 2023	   TO TRANSFER-UPI/DR/309711262875/SWIGGY/YESB/swiggy@yes/Pay for--	TRANSFER TO 4692613162092	191.00	 	39,025.02
8 Apr 2023	8 Apr 2023	   TO TRANSFER-UPI/DR/309839820793/KG ENGIN/YESB/q729332521/UPI--	TRANSFER TO 4898755162096	280.00	 	38,745.02
8 Apr 2023	8 Apr 2023	   TO TRANSFER-UPI/DR/309846871553/SWIGGY/YESB/swiggy@yes/Pay for--	TRANSFER TO 4692641162098	168.00	 	38,577.02
8 Apr 2023	8 Apr 2023	   TO TRANSFER-UPI/DR/309867105408/SATWANTI/SBIN/pinkiarora/UPI--	TRANSFER TO 4694462162096	110.00	 	38,467.02
9 Apr 2023	9 Apr 2023	   TO TRANSFER-UPI/DR/309935844565/SWIGGYIN/YESB/swiggyinst/Pay f--	TRANSFER TO 4692661162095	194.00	 	38,273.02
9 Apr 2023	9 Apr 2023	   TO TRANSFER-UPI/DR/309983186947/PaytmUser/PYTM/8299868610/UPI--	TRANSFER TO 5098144162095	39.00	 	38,234.02
9 Apr 2023	9 Apr 2023	   TO TRANSFER-UPI/DR/309994934575/DHARMEND/BARB/q58840527@/UPI--	TRANSFER TO 4897696162090	43.00	 	38,191.02
10 Apr 2023	10 Apr 2023	   TO TRANSFER-UPI/DR/310031022545/GAUTAM  /YESB/bharatpe90/Pay t--	TRANSFER TO 4897690162095	39.00	 	38,152.02
10 Apr 2023	10 Apr 2023	   TO TRANSFER-UPI/DR/310033802050/RAJBIR/PYTM/paytmqr281/UPI--	TRANSFER TO 4897690162095	60.00	 	38,092.02
10 Apr 2023	10 Apr 2023	   TO TRANSFER-UPI/DR/310134651692/SANTOKH /YESB/bharatpe90/Pay t--	TRANSFER TO 4897691162095	132.00	 	37,960.02
11 Apr 2023	11 Apr 2023	   TO TRANSFER-UPI/DR/310160273731/Calcutta/PYTM/paytmqr281/UPI--	TRANSFER TO 4897691162095	70.00	 	37,890.02
11 Apr 2023	11 Apr 2023	   TO TRANSFER-UPI/DR/310160340928/Calcutta/PYTM/paytmqr281/UPI--	TRANSFER TO 4897691162095	40.00	 	37,850.02
11 Apr 2023	11 Apr 2023	   TO TRANSFER-UPI/DR/310167726377/SWIGGY/YESB/swiggy@yes/Pay for--	TRANSFER TO 4897691162095	96.00	 	37,754.02
12 Apr 2023	12 Apr 2023	   TO TRANSFER-UPI/DR/310204561998/DIPANKAR/PYTM/paytmqr281/UPI--	TRANSFER TO 4897693162093	124.00	 	37,630.02
13 Apr 2023	13 Apr 2023	   TO TRANSFER-UPI/DR/310310994986/Geddit C/ICIC/gedditzept/UPI--	TRANSFER TO 4897693162093	159.00	 	37,471.02
13 Apr 2023	13 Apr 2023	   TO TRANSFER-UPI/DR/310336536167/Swiggy/UTIB/swiggyupi@/Swiggy--	TRANSFER TO 4897693162093	193.00	 	37,278.02
15 Apr 2023	15 Apr 2023	   TO TRANSFER-UPI/DR/310580961333/billdesk/ICIC/billdesk.p/UPI--	TRANSFER TO 4897695162091	719.00	 	36,559.02
15 Apr 2023	15 Apr 2023	   TO TRANSFER-UPI/DR/310584894444/SWIGGY/YESB/swiggy@yes/Pay for--	TRANSFER TO 4897695162091	100.00	 	36,459.02
16 Apr 2023	16 Apr 2023	   TO TRANSFER-UPI/DR/310618809155/Swiggy/UTIB/swiggyupi@/Swiggy--	TRANSFER TO 4897696162090	244.00	 	36,215.02
16 Apr 2023	16 Apr 2023	   TO TRANSFER-UPI/DR/310629484194/SWIGGY/YESB/swiggy@yes/Pay for--	TRANSFER TO 4897696162090	290.00	 	35,925.02
16 Apr 2023	16 Apr 2023	   TO TRANSFER-UPI/DR/310638474571/SWIGGY/YESB/swiggy@yes/Pay for--	TRANSFER TO 4897696162090	165.00	 	35,760.02
17 Apr 2023	17 Apr 2023	   DEBIT-ACHDr CITI00002000000037 BD Kotak MF-OT--		10,000.00	 	25,760.02
17 Apr 2023	17 Apr 2023	   TO TRANSFER-UPI/DR/310770385321/SWIGGY/YESB/swiggy@yes/Pay for--	TRANSFER TO 4897690162095	380.00	 	25,380.02
18 Apr 2023	18 Apr 2023	   TO TRANSFER-UPI/DR/310897000246/TULIP BR/PYTM/paytmqr281/UPI--	TRANSFER TO 4897691162095	110.00	 	25,270.02
18 Apr 2023	18 Apr 2023	   TO TRANSFER-UPI/DR/310805570873/REEMA  A/SBIN/reemasmu13/UPI--	TRANSFER TO 4897691162095	500.00	 	24,770.02
18 Apr 2023	18 Apr 2023	   TO TRANSFER-UPI/DR/310807373679/Swiggy/UTIB/swiggyupi@/Swiggy--	TRANSFER TO 4897691162095	221.00	 	24,549.02
19 Apr 2023	19 Apr 2023	   TO TRANSFER-UPI/DR/310937858289/Swiggy/UTIB/swiggyupi@/Swiggy--	TRANSFER TO 4897692162094	421.00	 	24,128.02
20 Apr 2023	20 Apr 2023	   TO TRANSFER-UPI/DR/311066597146/Calcutta/PYTM/paytmqr281/UPI--	TRANSFER TO 4897693162093	40.00	 	24,088.02
20 Apr 2023	20 Apr 2023	   TO TRANSFER-UPI/DR/311075172960/DEEPAK D/INDB/kumardeepa/UPI--	TRANSFER TO 4897693162093	111.00	 	23,977.02
20 Apr 2023	20 Apr 2023	   TO TRANSFER-UPI/DR/311076118232/Swiggy/UTIB/swiggy.sto/Swiggy--	TRANSFER TO 4897693162093	165.00	 	23,812.02
20 Apr 2023	20 Apr 2023	   TO TRANSFER-UPI/DR/311076224686/Swiggy/UTIB/swiggyupi@/Swiggy--	TRANSFER TO 4897693162093	191.00	 	23,621.02
21 Apr 2023	21 Apr 2023	   TO TRANSFER-UPI/DR/311185735073/JAGAT  S/FDRL/bharatpe.9/Pay t--	TRANSFER TO 4897694162092	82.00	 	23,539.02
21 Apr 2023	21 Apr 2023	   TO TRANSFER-UPI/DR/311188355197/ANUJ KUM/YESB/bharatpe90/Pay t--	TRANSFER TO 4897694162092	81.00	 	23,458.02
21 Apr 2023	21 Apr 2023	   TO TRANSFER-UPI/DR/311111191414/Swiggy/UTIB/swiggyupi@/Swiggy--	TRANSFER TO 4897694162092	98.00	 	23,360.02
22 Apr 2023	22 Apr 2023	   TO TRANSFER-UPI/DR/311232682790/SANKALP /ICIC/sankalp.sh/UPI--	TRANSFER TO 4897695162091	1,035.00	 	22,325.02
22 Apr 2023	22 Apr 2023	   TO TRANSFER-UPI/DR/311232712357/K SUNAM /PYTM/7873359808/UPI--	TRANSFER TO 4897695162091	363.00	 	21,962.02
22 Apr 2023	22 Apr 2023	   TO TRANSFER-UPI/DR/311237928528/Swiggy/UTIB/swiggyupi@/Swiggy--	TRANSFER TO 4897695162091	100.00	 	21,862.02
23 Apr 2023	23 Apr 2023	   TO TRANSFER-UPI/DR/311361621371/DHABA HR/PYTM/paytm-5235/UPI--	TRANSFER TO 4897696162090	1,049.00	 	20,813.02
23 Apr 2023	23 Apr 2023	   TO TRANSFER-UPI/DR/311361984971/ANUJ KUM/YESB/bharatpe90/Pay t--	TRANSFER TO 4897696162090	65.00	 	20,748.02
23 Apr 2023	23 Apr 2023	   TO TRANSFER-UPI/DR/311377032042/PaytmUser/SBIN/9955328550/UPI--	TRANSFER TO 4897696162090	513.00	 	20,235.02
23 Apr 2023	23 Apr 2023	   TO TRANSFER-UPI/DR/311377282098/SWIGGY/YESB/swiggy@yes/Pay for--	TRANSFER TO 4897696162090	110.00	 	20,125.02
23 Apr 2023	23 Apr 2023	   TO TRANSFER-UPI/DR/311377808651/Swiggy/ICIC/swiggystor/UPI--	TRANSFER TO 4897696162090	114.00	 	20,011.02
23 Apr 2023	23 Apr 2023	   TO TRANSFER-UPI/DR/311378428077/Swiggy/ICIC/swiggystor/UPI--	TRANSFER TO 4897690162095	114.00	 	19,897.02
23 Apr 2023	23 Apr 2023	   BY TRANSFER-UPI/CR/311335486702/Swiggy/ICIC/swiggystor/TXN FAI--	TRANSFER FROM 4897732162091	 	110.00	20,007.02
24 Apr 2023	24 Apr 2023	   TO TRANSFER-UPI/DR/311491232419/RAKESH  /SBIN/9536761403/UPI--	TRANSFER TO 4897690162095	84.00	 	19,923.02
25 Apr 2023	25 Apr 2023	   BY TRANSFER-NEFT*HSBC0110005*HSBCN23115471282*BLACKROCK SERVIC--	TRANSFER FROM 4697220044305	 	74,713.33	94,636.35
26 Apr 2023	26 Apr 2023	   TO TRANSFER-UPI/DR/311679257441/SATWANTI/SBIN/pinkiarora/UPI--	TRANSFER TO 4897692162094	110.00	 	94,526.35

**This is a computer generated statement and does not require a signature

